2734 4800
896 130 913 171 ἱ

550 296 963 425 ι·ιι.ιξυιε
1022 298 1211 369 mn.
1258 296 1355 367 11.
1433 300 1892 387 ωερε-ευ.
2149 308 2238 393 47

332 494 479 557 τίω
529 488 919 555 Threicium
976 492 1330 577 priuamnt
1380 502 1584 555 cantu
1609 536 1630 571 ,
1766 510 1846 554 α
1919 487 2237 561 Oechalia

290 590 297 595 ¹
344 611 730 675 venientem
750 656 769 691 ,
850 606 933 681 ab
1006 608 1271 697 Euryto
1326 606 1792 675 —Oechalienfie
1925 607 2240 678 afferebat

348 730 533 793 enim
574 724 1059 817 gloriabundus
1100 723 1166 793 se
1208 723 1572 791 relaturum
1615 714 1964 793 uictoriam
1984 775 2003 808 ‚
2049 728 2094 795 fi
2138 728 2244 796 vel

348 844 531 936 ipsae
652 842 884 910 Musae
934 858 1311 925 ·canerent‚
1383 842 1560 909 filiae
1623 842 1804 910 Iouis
1877 844 2242 937 Aegiochi:

183 999 194 1009 ·
322 980 427 1033 ,at
482 964 641 1029 illae
680 964 891 1029 iratae
943 983 1215 1029 caecum
1270 961 1580 1029 fecerunt
1600 1010 1618 1045 ,
1691 961 1807 1028 sed
1851 978 1920 1029 et
1973 944 2243 1033 cantum

176 1085 309 1151 600
351 1080 661 1149 diuinum
703 1080 1101 1147 ademerunt
1118 1128 1139 1167 ,
1182 1094 1251 1147 et
1294 1076 1597 1147 obliuisci
1612 1079 1966 1161 -fecerunt
2001 1102 2244 1153 artem-

350 1198 1059 1291 pulsandi-citharam.
1238 1198 1363 1265 His
1413 1220 1624 1289 porro
1669 1216 1978 1291 praeerat
2031 1204 2244 1273 Gere-

348 1321 505 1387 niuu
562 1339 767 1410 eques
826 1314 899 1384 Ν
898 1316 1105 1399 estor3
1230 1340 1386 1385 cum
1437 1340 1524 1385 eo
1583 1332 1810 1387 autem
1869 1326 2244 1417 nonaginta

350 1456 561 1504 canae
604 1458 815 1503 naues
859 1434 1101 1503 ordine
1139 1435 1782 1525 proficiscebantur.·

525 1557 667 1644 Qui
709 1570 930 1623 autem
968 1554 1295 1622 tenebant
1328 1556 1684 1622 Arcadiam
1701 1606 1722 1639 ‚
1755 1554 1888 1626 sub
1929 1558 2246 1651 Cyllenea

350 1689 661 1739 montem
702 1672 931 1755 altum,
1045 1674 1415 1763 Aepytium
1443 1695 1662 1763 prope
1691 1668 2242 1763 monumentum,

180 1794 317 1863 605
352 1792 467 1859 vbi
513 1794 641 1857 viri
691 1792 1468 1880 cominus-pugnantes:
1596 1793 1716 1879 qui
1769 1790 2252 1885 Pheneumque

348 1908 747 1978 incolebant
772 1958 791 1991 ‚
882 1924 953 1976 et
1006 1908 1514 1975 Orchomenum
1567 1906 2001 1998 pecorosum,
2133 1911 2250 1979 m..

348 2051 629 2119 penque
645 2078 664 2112 ,
706 2028 1137 2117 Stratienque
1153 2076 1172 2111 ,
1218 2040 1296 2094 ’et
1326 2024 1670 2095 ventosam
1705 2026 2005 2117 Enispen
2025 2075 2046 2112 ‚
2183 2048 2252 2099 et

348 2148 651 2237 Tegeam
726 2145 1055 2213 tenebant
1079 2194 1099 2229 ,
1212 2160 1283 2211 et
1362 2146 1784 2213 Mantineam
1869 2168 2244 2229 amoenam,

350 2262 957 2355 Stymphalumque
1024 2264 1392 2349 tenebant,
1479 2280 1550 2331 et
1615 2260 1998 2331 Parrhafien
2071 2268 2248 2333 cole-

354 2383 559 2452 bant:
688 2383 933 2450 horum
987 2383 1360 2474 imperabat
1407 2384 1666 2450 Ancaei
1703 2381 1876 2450 filius
1917 2407 2034 2450 rex
2075 2386 2290 2477 Aga--

174 2509 323 2572 διο
366 2523 591 2592 penor
703 2502 1036 2592 sexaginta
1080 2503 1412 2573 nauibus:
1489 2481 1683 2568 musti
1734 2518 1956 2570 autem
1999 2505 2076 2571 in
2127 2529 2251 2572 na·
2315 2593 2324 2598 ⁵

360 2639 517 2686 vem
558 2641 1085 2712 unamquamque
1196 2621 1490 2688 Arcades
1531 2623 1658 2690 viri
1699 2621 2248 2708 conscenderant,

352 2739 565 2828 periti
604 2739 1087 2808 rei-militaris.
1247 2739 1392 2830 Ipse
1437 2743 1617 2808 enim
1662 2742 1753 2806 eis
1796 2739 2074 2808 dederat
2113 2743 2254 2808 Rex

352 2859 661 2923 virorum
724 2859 1191 2948 Agamemnon
1332 2881 1542 2927 naues
1592 2857 1822 2924 bene·
1847 2859 2251 2943 transtratas,

196 3016 211 3026 ·
350 2992 433 3044 vt
474 2975 987 3044 transfretarent
1039 2976 1239 3066 super
1298 2980 1564 3070 nigrum
1604 2993 1892 3068 pontum
1909 3026 1928 3056 ,
2070 2981 2255 3044 Atri-
2313 3013 2332 3048 e

354 3093 537 3164 des:
626 3096 948 3184 quoniam
1010 3117 1159 3162 non
1233 3093 1386 3185 ipsis
1451 3119 1558 3164 res
1623 3097 1990 3162 maritimae
2065 3111 2256 3164 erant

352 3233 587 3280 curae.

186 3335 319 3407 615
542 3332 684 3417 Qui
725 3343 941 3397 autem
982 3329 1508 3422 Buprasiumque
1550 3346 1618 3396 et
1651 3327 1914 3396 Elidem
1955 3327 2258 3398 nobilem

202 3488 211 3499 ·
352 3448 797 3533 habitabant,
898 3503 903 3512 .
938 3461 1265 3542 quantum
1320 3453 1482 3540 agri
1525 3449 1860 3541 Hyrmine
1911 3461 1981 3511 et
2021 3445 2258 3537 Myrli-

355 3593 497 3638 nus
547 3583 871 3652 extrema,
986 3569 1321 3660 Petraque
1383 3565 1665 3648 Olenia,
1733 3582 1802 3632 et
1840 3563 2112 3631 Alifium
2153 3569 2261 3634 in-

200 3729 213 3736 ·
352 3706 477 3755 tus
514 3689 844 3770 continet,
969 3687 1213 3754 horum
1241 3690 1472 3776 vtique
1497 3701 1791 3776 quatuor
1812 3682 2014 3752 duces
2047 3703 2255 3772 erant,

206 3845 217 3854 ·
360 3807 609 3873 decem
649 3821 813 3872 vero
846 3809 1059 3873 virum
1100 3825 1646 3896 mumquemque
1783 3825 1988 3870 naues
2029 3803 2262 3898 seque-

358 3926 621 3992 bantur
646 3922 945 4008 veloces,
994 3919 1321 4016 multique
1362 3947 1486 3990 cas
1521 3919 2044 3990 conscenderant
2069 3925 2258 4014 Epei.

186 4050 319 4114 620
364 4045 501 4110 His
540 4043 813 4136 quidem
847 4043 1363 4134 Amphimachus
1411 4059 1483 4108 et
1516 4041 1838 4133 Thalpius
1882 4056 2258 4134 praeerant,

368 4161 498 4230 mii
516 4213 535 4245 ,
566 4203 581 4216 ·
626 4161 795 4230 aher
848 4163 1121 4253 quidem
1182 4163 1406 4231 Gteati
1427 4211 1449 4248 ,
1525 4159 1690 4228 alter
1729 4174 1972 4254 ‚autem
2023 4161 2264 4250 Euryti
2321 4192 2328 4204 «
