2734 4800
402 279 415 290 ’
498 289 653 377 '174
876 277 1275 378 ILIADIS
1330 281 1518 353 LIB.
1563 275 1768 354 Vm.
1819 309 1881 356 v.
1913 219 2220 382 εἶθ-715.

564 563 571 572 ἱ
622 487 631 494 ’
682 486 944 558 rarum,
1119 475 1221 539 ad
1261 451 1670 564 Gargarum,
1707 474 1819 542 vbi
1867 479 2096 567 vtique
2134 498 2286 548 erat
2321 480 2384 546 ei
2418 503 2573 572 ager

602 673 613 689 .
685 595 867 661 sacer
911 591 1249 684 altareque
1287 593 1678 660 odoratum:
1849 589 1945 660 ibi
1991 611 2203 686 equos
2247 596 2408 665 stitit
2451 622 2572 690 pa-

557 717 644 814 5o
688 727 795 779 ter
839 709 1321 804 hominumque
1375 692 1730 804 deumque,
1901 712 2157 782 solutos
2189 701 2413 800 eurru',
2465 741 2574 785 ca·-

680 832 1093 932 liginemque
1131 817 1404 896 multam
1442 829 1922 899 circumfudit·
2057 833 2200 925 Ipse
2230 811 2450 901 autem
2499 839 2574 903 in

678 946 1043 1018 verticibus
1130 941 1297 1050 sedit
1360 927 1571 1040 gloria
1662 949 1998 1033 exultans,
2212 954 2568 1043 inspiciens

680 1065 1095 1158 Troumque
1126 1067 1358 1134 vrbem
1396 1083 1461 1134 et
1501 1090 1708 1136 naues
1741 1069 2184 1139 Achiuorum.
2309 1072 2410 1140 ΠΗ
2453 1097 2568 1142 ve·

676 1211 759 1256 ro
804 1183 1213 1252 ientaculum
1260 1165 1660 1270 sumserunt,
1688 1171 2029 1254 comantes
2066 1189 2329 1273 Achiui,
2462 1215 2572 1258 ra-

612 1307 849 1397 ptim
894 1329 1015 1394 per
1055 1309 1386 1387 tentoria,
1428 1303 1775 1398 statimque
1819 1305 1968 1397 post
2009 1305 2080 1372 id
2113 1303 2561 1378 armabantur.

545 1427 634 1498 55
684 1452 690 1460 ¹
840 1423 1123 1490 Troiani
1166 1428 1325 1490 item
1371 1447 1450 1489 ex
1476 1463 1511 1480 ·
1539 1423 1742 1522 altera
1797 1441 1988 1513 parte
2021 1439 2151 1515 per·
2185 1425 2412 1492 vrbem
2457 1451 2566 1494 ar·-

677 1541 1035 1610 mabantur
1200 1546 1588 1634 pauciores3
1651 1524 1906 1631 promti
1951 1549 2176 1610 tamen
2237 1564 2424 1614 erant
2465 1564 2566 1614 et·

673 1665 804 1730 iam
877 1661 963 1730 fic
1015 1685 1239 1753 pugna
1314 1659 1750 1744 contendere,
1833 1703 1838 1710 -
1919 1663 2306 1761 neceffitate
2371 1665 2570 1754 dura2

585 1849 591 1862 ,
662 1769 943 1874 ’proque
986 1779 1212 1846 liberis
1280 1797 1347 1848 et
1409 1803 1536 1872 pro
1603 1781 1938 1853 vxoribus.
2108 1784 2367 1851 Omnes
2436 1789 2564 1851 ita-

671 1923 809 1990 que
865 1899 1333 1988 aperiebantur
1389 1915 1668 1988 portae,
1722 1897 2037 1992 forasque
2091 1903 2382 1970 ruebant
2445 1927 2560 1970 co-

668 2020 843 2108 piae,
1015 2015 1412 2106 peditesque
1442 2021 1870 2108 equitesque3
1902 2022 2275 2111 ingensque
2317 2021 2560 2088 tumul-

546 2139 635 2206 60
677 2151 785 2202 tus
834 2118 1109 2201 ooortus
1156 2133 1264 2200 est.
1433 2135 1530 2200 Hi
1579 2151 1801 2203 autem
1843 2159 1994 2202 cum
2045 2140 2177 2202 iam
2215 2142 2288 2206 in
2333 2136 2555 2205 locum

664 2273 871 2320 vnum
950 2251 1464 2342 congredientes
1546 2247 2038 2343 conuenissent,
2213 2255 2556 2324 commise-
2595 2344 2601 2353 .

662 2386 825 2438 runt
880 2368 1095 2453 scuta,
1156 2373 1456 2463 itemque
1505 2369 1746 2457 hastas,
1835 2385 1904 2438 et
1954 2373 2203 2441 robora
2259 2377 2553 2445 virorum

666 2490 873 2567 aereis.
900 2531 937 2547 -
974 2489 1428 2556 thoracibus·
1445 2486 1903 2575 indutorum?
1935 2509 2013 2558 ac
2049 2492 2274 2583 clypei
2315 2494 2554 2562 vmbo-

660 2608 938 2674 nibus-
968 2611 1211 2674 muniti
1268 2592 1275 2599 ’
1381 2609 2014 2701 appropinquabant
2060 2614 2388 2677 inuicem·
2441 2612 2550 2680 in-

658 2748 957 2816 gensque
988 2726 1312 2793 tumultus
1360 2726 1448 2794 est
1492 2744 1788 2796 coortus·

816 2844 995 2911 Tum
1034 2868 1197 2914 vero
1244 2844 1430 2913 fimul
1479 2847 1894 2939 eiulatusque
1935 2864 2006 2915 et
2061 2847 2369 2939 gloriatio
2405 2848 2588 2915 erat'

530 2965 617 3035 65
661 2924 958 3029 virorum
1126 2964 1692 3056 perdendumque
1735 2982 1805 3031 et
1849 2968 2311 3057 pereuntiumt
2382 2966 2547 3033 flue-

654 3078 772 3147 bat
830 3096 1051 3147 autem
1109 3080 1431 3171 sanguine
1487 3099 1684 3150 terra.
1873 3084 2216 3172 Quamdiu
2275 3084 2544 3176 quidem

652 3215 921 3289 tempus
963 3204 1368 3267 matutinum
1403 3190 1578 3285 erat,
1630 3217 1699 3269 et
1757 3200 2093 3270 crescebat
2148 3202 2325 3271 sacra
2375 3202 2538 3283 dies,

644 3318 903 3386 tamdiu
946 3321 1175 3410 vtique
1214 3336 1654 3411 vtrorumque
1689 3316 1826 3385 tela
1859 3322 2302 3411 attingebant,
2351 3314 2546 3386 cade·-

644 3436 899 3526 batque
941 3436 1270 3525 populus3
1437 3460 1650 3531 quum
1688 3457 1850 3505 vero
1905 3436 2006 3504 sol
2039 3438 2340 3505 medium
2384 3460 2548 3503 coe·

643 3554 785 3623 lum
854 3553 1367 3640 conscendisset,
1537 3570 1687 3622 tum
1760 3558 1990 3646 vtique
2059 3580 2290 3625 aureas
2349 3574 2546 3648 pater

521 3696 609 3767 70
642 3672 995 3741 ‘attollebat
1043 3672 1302 3763 lances3
1474 3651 1948 3767 imposuitque
1987 3674 2126 3743 duo
2189 3678 2326 3743 fata
2385 3674 2541 3742 lon-

504 3777 511 3785 ⁵
642 3816 860 3905 gum-
896 3789 1291 3857 somnium-
1320 3788 1684 3861 adferentis
1724 3796 1996 3877 mortis,
2139 3796 2542 3883 Troumque

644 3911 943 4009 equitum
991 3926 1059 3975 et
1094 3910 1509 3977 Achiuorum
1555 3908 1768 3979 aera-'-
1764 3911 2242 3977 loricatorum
2407 3906 2542 3975 sus-

636 4026 979 4116 tinuitque
1038 4028 1289 4096 medias
1322 4022 1734 4119 prehensas.
1773 4006 2126 4096 inclinata
2175 4026 2267 4095 est
2313 4044 2538 4094 autern

624 4131 850 4218 Tatalis
892 4145 1030 4249 dies
1066 4140 1367 4216 Aeluuox
1371 4170 1502 4215 um
1671 4146 1924 4241 vtique
1983 4150 2400 4217 Achiuorum
2437 4144 2538 4213 ia-
