2734 4800
301 277 352 422 -.-
491 337 660 447 nata
983 311 1132 404 ⁸11.
1192 284 1373 392 D'E'
1414 312 2051 438 Comeinvs

447 549 454 556 ·
490 507 719 606 copia
755 500 1165 603 liberaliter
1207 499 1342 578 fibi
1388 499 1486 574 ad
1540 499 1904 576 vtendum
1962 497 2307 576 concessa
2364 523 2583 603 prae-

489 623 816 702 dicabat.
919 623 1229 700 Scholia·
1270 619 1435 696 sunt
1470 627 1668 704 inter
1705 621 1938 696 lineas
1982 619 2379 723 adscripta,
2424 646 2585 693 ma·
2632 607 2639 614 ’

489 752 772 820 ximam
835 763 1128 846 parterii
1183 743 1454 818 eadem
1499 749 1697 845 qu'ae
1737 747 1817 818 in
1858 741 2179 818 Scholiis
2220 740 2583 818 breuibus

485 867 846 967 leguntur
863 917 884 956 ,
927 863 1274 938 admixtis
1319 864 1702 938 nonnullis
1744 889 1841 939 ex
1864 863 2180 942 scholiis
2212 862 2590 940 secundae

492 983 768 1076 olaffis3
839 1010 986 1060 nec
1037 984 1140 1062 ab
1194 969 1507 1058 homine
1562 982 1977 1086 admodum
2032 983 2263 1060 docto
2322 1007 2586 1060 excer-

490 1127 660 1212 pta5
715 1109 1155 1183 continuata
1198 1101 1366 1180 sunt
1402 1130 1637 1207 vsque
1677 1104 1775 1178 ad
1826 1117 1919 1198 Π,
1950 1107 2126 1182 56-ι.
2186 1087 2587 1202 Quantum

341 1243 356 1258 “
491 1233 752 1328 itaque
799 1251 975 1303 cum
1023 1251 1118 1300 ex
1159 1225 1520 1318 hiss-tum
1564 1251 1659 1300 ex
1696 1225 2097 1328 specimine
2138 1245 2461 1326 Vtroque
2512 1241 2589 1300 et

489 1347 732 1440 Alteri
773 1365 852 1421 et
915 1345 1242 1424 schowii
1294 1346 1509 1447 quod
1572 1346 1863 1422 dudum
1917 1351 1998 1421 in
2048 1345 2396 1448 manibus
2453 1344 2585 1418 ha-

493 1467 810 1543 bueram
830 1522 851 1559 ,
891 1462 1250 1567 colligere
1293 1467 1511 1560 licet,
1559 1467 1748 1541 nihil
1800 1467 2119 1560 habent,
2180 1465 2393 1570 quod
2455 1491 2585 1541 co·

409 1614 418 1625 ⁵
491 1587 743 1683 dicem
793 1586 1015 1664 valde
1067 1587 1485 1664 notabilem
1548 1587 1872 1666 reddere
1909 1587 2145 1691 possit.
2214 1591 2279 1662 E
2306 1581 2585 1664 ceteris

337 1785 342 1798 ,
485 1699 724 1800 fcodd.
790 1727 1132 1784 enotatas
1192 1707 1559 1784 lectiones
1626 1709 1990 1810 equidem
2068 1706 2409 1808 adscripfi
2469 1713 2581 1800 iis3
2718 1761 2720 1766 .

295 1826 313 1856 ⁷
411 1891 426 1916 f
493 1855 672 1908 cum
709 1829 981 1930 quibus
1025 1827 1202 1904 illae
1245 1833 1781 1923 conuenirent,
1842 1826 2056 1904 omisi
2111 1849 2366 1904 tamen
2424 1853 2587 1904 rne-

489 1975 618 2026 ros
657 1946 898 2052 lapsus
949 1965 1026 2022 et
1065 1943 1401 2049 stupores
1438 1937 1740 2022 librarii.
1841 1947 2230 2026 Turbabat
2266 1975 2392 2025 me
2421 1948 2619 2024 sub-‘

488 2069 704 2176 inde,
765 2065 980 2172 quod
1039 2067 1344 2146 codices
1404 2095 1564 2145 non
1618 2095 1796 2145 curn
1846 2069 2181 2145 meliore
2238 2068 2587 2147 lectione
2719 2091 2720 2178 ξ

493 2189 922 2268 editionum
979 2185 1403 2262 'nostrarum
1467 2196 1879 2290 comparati
1940 2187 2141 2283 sunt,
2216 2187 2346 2266 sed
2403 2217 2585 2268 cum

489 2311 832 2388 lectione
867 2309 1248 2384 deteriore
1293 2309 1577 2386 codicis
1624 2309 1955 2386 Vindob.
2010 2309 2107 2385 ab
2150 2309 2411 2385 Altero
2456 2337 2587 2393 ex-

467 2414 749 2537 ''pressa
903 2428 1172 2507 Codex
1233 2432 1523 2505 CXVH.
1590 2428 1693 2505 est
1732 2431 1828 2507 ab
1874 2436 2223 2545 irnperito
2268 2432 2581 2509 librario

391 2652 397 2657 Ι
487 2551 936 2663 descriptus3
1020 2570 1100 2623 at
1151 2549 1383 2629 lectio
1444 2550 1988 2653 diligentiffime
2043 2550 2407 2655 exscripta
2484 2554 2583 2629 ab

485 2672 770 2763 Altero.
875 2670 1212 2747 Melioris
1261 2676 1653 2747 commatis
1697 2670 1799 2747 est
1826 2671 2093 2747 Codex
2119 2671 2585 2777 Busbequia-

486 2818 630 2867 nus
688 2796 834 2867 No.
909 2794 994 2867 V..
1075 2794 1278 2865 Tum
1342 2792 1611 2869 Codex
1661 2791 1918 2868 charta
1970 2790 2175 2893 goss'y
2172 2796 2353 2893 pina
2426 2797 2581 2871 No.

375 3124 392 3137 .
483 3032 668 3111 inde
708 3060 756 3107 a
803 3031 998 3107 libro
1049 3036 1177 3105 lx.
1222 3032 1590 3107 lectiones
1633 3051 2021 3133 excerptas
2064 3024 2361 3134 reperio
2406 3036 2581 3111 nul-

481 3130 631 3265 {1133
689 3154 992 3257 dignior
1033 3156 1294 3252 vtique
1335 3175 1567 3251 opera
1609 3150 2003 3227 habendus
2062 3180 2295 3255 quam
2334 3164 2577 3233 ceteri

487 3268 778 3381 omnes.
929 3275 1178 3346 Etiam
1229 3270 1467 3346 Alteri
1522 3270 1790 3348 codice
1835 3272 2106 3349 melior
2150 3272 2254 3349 est
2302 3276 2581 3353 Codex

487 3380 878 3489 CLXXVI.
943 3392 1247 3467 Codicis
1299 3376 1509 3481 LXIJ
1553 3390 1919 3469 lectiones
1974 3390 2438 3494 pauciffimas
2492 3402 2581 3473 in

481 3512 857 3620 prioribus
899 3510 1105 3587 libris
1155 3506 1509 3611 expiscari
1551 3516 1796 3612 potui.
1901 3512 2172 3589 Codex
2214 3512 2579 3619 septimus

486 3640 653 3737 quis
710 3630 837 3725 sit,
891 3630 1102 3735 liaud
1147 3634 1445 3731 reperio
1467 3658 1489 3703 z
1568 3628 1703 3705 nifi
1766 3630 1873 3708 est
1914 3632 2197 3717 ,Codex
2252 3636 2577 3715 Hohen-

487 3750 897 3854 dorffianus
943 3752 1182 3829 CXVI
1232 3748 1334 3823 de
1375 3774 1533 3852 quo
1572 3778 1648 3853 p.
1691 3754 1963 3831 XXVI.
2006 3746 2283 3859 agitur:
2325 3757 2571 3835 editio

481 3866 702 3952 Paris.
765 3870 972 3975 apud
1036 3870 1152 3945 10.
1207 3868 1491 3947 Libert-
1554 3872 1775 3949 1620.
1832 3871 1931 3949 de
1985 3896 2137 3977 qua
2172 3880 2323 3953 iam
2364 3884 2575 3956 inter

484 3994 858 4073 editiones
905 3988 1118 4092 supra
1157 4010 1659 4068 memoratum
1702 3990 1837 4087 est,
1880 3999 2011 4069 cui
2058 3994 2423 4100 adscripta
2460 4000 2576 4077 est

477 4114 764 4200 insertis
812 4108 1010 4186 foliis
1053 4110 1464 4189 chartaceis
1514 4110 1991 4216 metaphrasis
2048 4140 2315 4219 graeca
2374 4120 2577 4195 Tae·-

477 4254 672 4314 tzae·
692 4258 743 4311 e
794 4229 963 4309 cod.
1015 4232 1274 4336 aliquo
1330 4230 1727 4338 descripta,
1776 4261 1975 4339 quae
2010 4262 2247 4343 Vsque
2285 4236 2391 4313 ad
2430 4238 2569 4353 lib.

309 2974 328 2985 .
485 2916 748 3007 XLIX.
787 2917 988 2987 inter
1040 2910 1391 2987 meliores
1454 2910 1999 3003 numerandum,
2053 2917 2267 2989 cuius
2318 2932 2583 2999 tamen
