2734 4800
535 274 937 343 ILIADIS
990 271 1183 341 LIB.
1230 270 1353 343 VI.
1420 293 1482 339 v.
1513 276 1900 362 229—255.
2125 279 2236 364 141

358 466 737 556 affequutus
786 464 1018 543 fuer03
1136 461 1462 555 multique
1505 460 1771 530 viciffim
1810 461 1936 529 tibi
1975 462 2238 545 Achiui,

176 588 317 658 230
358 606 656 673 quorum
714 580 1073 647 interficias
1139 604 1610 671 quemcunque
1667 580 1896 671 poffis:
2061 603 2246 647 arma

358 724 523 771 vero
570 702 757 765 inter
809 722 939 765 noa
996 713 1448 789 permutemus
1465 746 1486 783 ,
1553 713 1626 769 vt
1659 712 1728 765 et
1767 698 1840 764 hi
1991 702 2244 785 norint,

351 818 545 911 quod
587 817 875 907 hospites
918 830 1237 906 paternos
1281 814 1678 905 profitemur
1719 840 1844 881 nos
1877 816 2078 886 effe.“

522 969 637 1037 Sic
694 970 941 1058 vtique·
972 965 1275 1058 loquuti,
1361 966 1448 1031 de
1499 966 1798 1032 curribus
1847 966 2262 1066 defilientess
2321 1050 2329 1063 .

240 1152 247 1159 ,
356 1105 721 1179 manusque
752 1102 991 1153 mutuo
1030 1083 1572 1175 prehenderunt,
1637 1100 1705 1150 et
1740 1084 1942 1153 fidem
1970 1128 2006 1143 -
2037 1088 2244 1153 dede-

356 1220 537 1271 runt.
652 1204 837 1270 Tum
872 1224 1033 1272 vero
1076 1201 1337 1269 Glauco
1372 1203 1718 1269 Saturnius
1758 1221 2048 1271 mentem
2085 1204 2243 1271 ade-

174 1326 309 1396 235
353 1325 479 1389 mit
514 1323 767 1413 Iupiter
786 1371 806 1407 ,
973 1322 1093 1411 qui
1142 1344 1293 1387 cum
1336 1320 1608 1411 Tydide
1659 1322 2002 1391 Diomede
2059 1346 2240 1389 arma

344 1442 786 1530 permutauit,
1008 1460 1209 1505 aurea
1278 1440 1501 1503 aeneis
1522 1487 1539 1520 ,
1629 1454 1898 1505 centum
1929 1481 1963 1495 -
1993 1441 2238 1509 boues-

346 1558 638 1630 valentia
674 1580 926 1645 nouem
954 1599 989 1613 -
1011 1556 1224 1625 boues
1253 1597 1287 1612 -
1313 1555 1704 1637 valentibus.

516 1705 779 1776 Hector
831 1726 1055 1775 autem
1112 1724 1185 1773 vt
1243 1706 1325 1772 ad
1363 1708 1734 1798 Scaeasque
1773 1722 2005 1798 portas
2044 1722 2113 1773 et
2139 1706 2240 1773 fa·

348 1850 507 1919 gum
550 1830 899 1917 peruenit,
933 1885 942 1893 .
1033 1829 1207 1891 circa
1248 1828 1478 1916 vtique
1511 1806 1964 1896 Troianorum
2008 1848 2239 1893 onres

348 1944 784 2012 accurrebant
822 1962 890 2011 et
922 1941 1158 2027 filiae„
1315 1960 1796 2036 percontantes
1835 1945 1924 2011 de
1954 1940 2240 2035 filiisque

178 2066 310 2151 240
350 2062 833 2153 fratribusque,
912 2064 1305 2153 amicisque,
1448 2077 1516 2129 et
1560 2064 1844 2151 maritis;
1917 2060 2030 2129 ille
2077 2084 2238 2128 vero

354 2182 670 2271 deinceps
734 2180 859 2247 diis
924 2178 1291 2271 supplicare
1344 2178 1517 2247 iuffit
1674 2204 1907 2249 omnes
1962 2179 2240 2249 ordine:

350 2299 571 2367 multis
616 2318 837 2364 autem
880 2298 1049 2389 mala
1088 2297 1589 2389 impendebant.
1891 2278 1900 2294 ι

516 2449 649 2516 Sed
697 2450 971 2539 quando
1024 2453 1159 2526 iam
1204 2451 1305 2517 acl
1348 2451 1596 2518 Priami
1649 2449 1922 2517 domum
1967 2447 2240 2542 perpul-

360 2589 541 2634 cram
582 2569 1013 2656 perueniss'et,
1187 2569 1566 2636 fabrefactis
1609 2569 1982 2658 porticibus
2023 2583 2244 2636 extru-
2312 2657 2319 2667 ἡ

354 2701 565 2765 ctam3
628 2704 875 2775 nempe
910 2689 988 2752 in
1024 2709 1103 2754 ea
1262 2690 1744 2783 quinquaginta
1789 2691 2057 2756 inerant
2093 2689 2243 2754 tha·
2319 2670 2326 2679 ’

180 2806 310 2893 245
350 2804 504 2870 lami
550 2802 897 2893 est-‘polito
930 2803 1157 2894 lapide
1312 2828 1532 2896 prope
1568 2806 1633 2872 fe
1674 2809 1966 2872 inuicem
2015 2805 2246 2873 aedifi-

352 2923 515 3008 cati3
573 2921 685 2990 vbi
714 2921 837 2990 filii
994 2922 1327 2992 cubabant
1356 2925 1639 3007 Priami,
1701 2922 1882 3014 apud
1919 2924 2244 3016 legitimas

347 3063 621 3128 ποι-ως
744 3039 1029 3110 filiarum
1075 3057 1299 3110 autem
1349 3066 1390 3108 e
1415 3083 1448 3098 -
1475 3045 1754 3132 regione
1805 3041 2092 3132 oppofiti
2137 3043 2244 3106 in·-

348 3175 453 3224 tra
503 3160 745 3224 atrium
892 3159 1251 3226 duodecim
1304 3175 1494 3226 erant
1539 3159 1656 3228 sub
1684 3200 1719 3215 -
1749 3175 1933 3226 tecto
1978 3156 2246 3224 thalami

357 3299 449 3342 ex
500 3275 721 3366 polito
768 3276 1029 3367 lapide,
1192 3301 1410 3368 prope
1441 3277 1508 3344 se
1551 3281 1842 3344 inuicem
1881 3275 2246 3358 aedificati3
2333 3351 2338 3356 q

186 3399 313 3468 250
352 3394 468 3461 vbi
506 3397 739 3485 generi
856 3395 1189 3464 cubabant
1224 3397 1505 3478 Priami,
1561 3396 1740 3485 apud
1771 3395 2248 3487 pudicaaffxo-

352 3535 503 3597 re33
664 3512 764 3580 ibi
826 3517 887 3579 ei
942 3514 1235 3606 benigna
1287 3515 1490 3583 obuia
1535 3518 1718 3583 venit
1763 3531 2011 3598 mater,
2165 3511 2254 3578 ad

351 3626 704 3696 Laodicen
760 3633 907 3698 iens
925 3681 945 3715 ,
1018 3632 1303 3700 filiarum
1358 3634 1578 3700 forma
1623 3631 2246 3724 praestantiffimam,

350 3749 565 3837 inque
602 3749 743 3815 eius
780 3747 985 3818 haefit
1014 3773 1253 3837 manu,
1316 3753 1652 3844 verbaque
1691 3751 1886 3838 fecit,
1953 3767 2024 3820 et
2065 3771 2251 3822 com-

355 3863 673 3955 pellauitz
1371 3945 1396 3952 -

537 4051 583 4086 ,,
596 4001 760 4088 Fili,
856 4025 979 4072 cur
1046 4001 1283 4078 relicto
1352 4005 1610 4099 praelio
1688 4007 1920 4100 aspero
1979 4005 2259 4079 venisti?

191 4119 327 4191 255
372 4117 579 4204 Certe
625 4119 825 4190 valde
870 4119 1003 4190 i'am
1057 4141 1374 4213 premunt
1416 4128 1780 4200 detestandi
1809 4130 1928 4198 filii
1959 4125 2255 4202 Achiuo-
