2734 4800
401 284 487 353 58
784 278 1187 347 ILIADIS
1244 276 1440 343 LIB.
1475 272 1570 343 11.
1632 296 1696 341 v.
1731 274 2122 355 351-379.

583 452 970 535 Saturnium
1036 474 1041 481 '
1092 464 1205 531 die
1250 463 1367 533 illo
1389 514 1410 547 ,
1487 462 1762 556 quando
1835 488 2044 543 naues
2094 465 2257 530 citas
2308 484 2478 529 con-

588 584 997 668 scenderunt
1142 584 1382 674 Argiui
1403 630 1422 665 ,
1477 583 1792 651 Troianis
1833 584 2110 653 caedem
2146 605 2227 649 ac
2263 580 2480 647 fatum

589 704 918 791 ferentes3
1034 724 1243 795 quum
1272 700 1734 793 fulgurabatur
1769 702 1858 769 ad
1893 702 2190 771 dextram
2213 748 2232 783 ,
2277 697 2488 765 fausta

590 817 770 912 ligna
844 816 1217 891 ostenden).
1385 821 1655 910 Quare,
1731 844 1935 893 nemo
1963 825 2168 913 prius
2218 794 2484 887 festine}

418 939 549 1011 355
591 941 867 1009 domum
908 938 1127 1007 redire
1146 986 1165 1021 ,
1292 960 1494 1029 quam
1555 940 1842 1029 quisque
1903 940 2086 1031 apud
2146 939 2488 1005 Troiano·

588 1042 739 1126 rum
776 1080 1051 1126 vxorem
1107 1057 1506 1124 dormiuerit
1524 1105 1543 1140 ‚
1681 1058 1992 1149 vltusque
2035 1058 2240 1125 suerit
2279 1052 2488 1121 Hele-

587 1200 719 1244 nae
762 1194 1027 1268 raptum
1068 1177 1510 1267 gemitusque.
1673 1174 1795 1242 Sin
1831 1192 2054 1243 autem
2094 1178 2242 1269 quis
2287 1172 2491 1239 vehe-

590 1312 857 1362 menter
896 1293 1085 1361 volet
1128 1292 1410 1360 domum
1449 1292 1692 1377 redire,
1805 1298 2109 1385 'attingat
2147 1294 2332 1362 suam
2365 1312 2492 1355 na·-

590 1434 738 1479 vem
761 1463 780 1497 ,
822 1411 1804 1491 habentem-bona·transtra,
1839 1416 2136 1503 nigram:
2253 1425 2327 1477 vt
2367 1430 2491 1475 an-

420 1516 552 1601 ‘360
595 1531 874 1599 te·alios
922 1548 1207 1599 mortem
1242 1546 1313 1597 et
1346 1530 1558 1597 fatum
1603 1530 1996 1622 assequatur.
2139 1528 2312 1611 sed,
2351 1548 2488 1611 rex,

593 1666 806 1740 tuque
874 1648 1029 1739 ipse·
1084 1648 1262 1716 bene
1326 1648 1660 1717 consulito
1680 1698 1700 1733 ,
1781 1664 1851 1717 et
1907 1640 2198 1716 ausculta
2264 1644 2490 1713 alteri:

586 1791 734 1835 non
792 1770 1246 1835 reiectaneum
1300 1765 1658 1835 confilium.
1702 1771 1862 1851 erit,
1975 1767 2168 1858 quod
2229 1765 2488 1831 dixero.

589 1886 882 1953 Secerne
914 1888 1093 1952 viros
1116 1908 1240 1975 per
1274 1884 1514 1969 tribus,
1561 1908 1684 1975 per
1717 1890 1954 1969 curias,
1999 1884 2490 1976 Agamemnon,

590 2018 667 2069 vt
710 2006 935 2068 miriae
980 2006 1180 2069 curiis
1234 2026 1437 2092 opem
1478 2002 1704 2071 ferant
1723 2052 1744 2086 ,
1809 2020 1880 2070 et
1915 2003 2130 2071 tribus
2161 2000 2493 2069 tribubus.

594 2121 807 2209 Quod
860 2120 909 2187 fi
972 2120 1059 2187 fic
1128 2120 1404 2203 feceris,
1457 2125 1570 2187 '‘et
1639 2122 1766 2187 tibi
1823 2126 2170 2213 paruerint
2223 2120 2494 2201 Achiui,

424 2238 555 2309 365
598 2238 959 2329 cognosces
1000 2237 1269 2321 dehinc,
1308 2242 1574 2333 quique
1607 2238 1854 2307 ducum
1889 2244 2198 2331 ignauus,
2238 2242 2500 2329 quique

592 2346 880 2426 militum
900 2407 918 2442 ,
1055 2373 1125 2425 et
1166 2361 1315 2449 quis
1356 2358 1546 2426 sortis
1585 2358 1822 2448 suerit3
1865 2382 1988 2450 per
2029 2356 2270 2450 seipsos
2314 2358 2499 2422 enim

587 2477 1009 2566 pugnabunt.
1175 2477 1561 2566 Cognosces
1649 2481 1848 2546 etiam
1864 2526 1884 2560 ,
1967 2494 2206 2544 vuum.
2261 2475 2498 2542 diuina

589 2597 969 2660 voluntate
1015 2594 1247 2661 vrbem
1299 2619 1447 2662 non
1489 2595 1568 2663 fis
1625 2585 2142 2687 expugnaturus,
2261 2617 2350 2660 an
2391 2593 2500 2660 vi-

581 2733 815 2778 rorum
864 2701 1132 2802 ignauia
1149 2762 1172 2795 ,.
1210 2727 1279 2779 et
1318 2716 1652 2803 imperitia
1695 2713 1931 2781 belli.ee
2127 2713 2333 2780 Hunc
2375 2734 2501 2777 au-

590 2843 729 2894 tem
785 2829 1201 2919 respondens
1270 2830 1633 2898 allocutus*
1663 2832 1756 2900 est
1799 2855 1920 2898 rex
1987 2831 2458 2922 Agamemnon
2475 2852 2500 2898 ε

421 2948 551 3035 370
598 2947 911 3028 „Reuera
952 2952 1195 3015 iterum
1246 2951 1321 3016 in
1368 2953 1708 3016 concione
1749 2947 2132 3040 praecellis,
2181 2971 2226 3016 o
2270 2947 2496 3040 senex,

586 3060 761 3132 [Πίος
840 3067 1279 3133 Achiuorum.
1453 3065 1730 3134 Vtinam
1815 3089 1978 3136 vero
2001 3114 2019 3149 ,
2107 3068 2502 3156 Iupiterque

588 3200 821 3272 pater,
874 3199 943 3250 et
976 3182 1225 3266 Pallas,
1264 3200 1337 3251 et
1378 3184 1630 3274 Apollo
1652 3236 1672 3268 ,
1812 3184 1980 3252 tales
2040 3184 2276 3251 decem
2331 3179 2502 3246 mihi

564 3300 1004 3368 consultores
1046 3303 1252 3368 effent
1278 3303 1728 3371 Achiuorum!
1881 3305 1998 3372 sic
2037 3305 2174 3368 cito
2223 3297 2504 3366 caderet

586 3419 742 3486 vrbs
783 3419 1030 3485 Priami
1072 3421 1247 3507 regis
1364 3421 1678 3488 manibus
1719 3419 1960 3488 nostris
2003 3435 2336 3510 captaque
2381 3439 2502 3482 ex-

418 3537 553 3624 375
596 3537 881 3626 cisaque.
1046 3537 1182 3602 Sed
1230 3537 1396 3604 mihi
1431 3538 1812 3629 Aegioehus
1846 3540 2198 3606 Saturnius
2237 3535 2502 3624 Iupiter

435 3681 441 3686 ·
586 3653 895 3720 dolorem
932 3653 1203 3736 inflixit,
1342 3657 1466 3747 qui
1507 3677 1620 3722 me
1651 3657 1727 3724 in
1767 3678 1970 3724 vanas
2011 3655 2164 3724 lites
2207 3669 2277 3720 et
2321 3675 2504 3720 con·-

486 3775 493 3783 “
578 3778 925 3839 tentiones
992 3774 1325 3862 impingit.
1511 3773 1782 3842 Etenim
1853 3797 1978 3867 ego
2041 3769 2504 3861 ¹Achillesque

587 3894 985 3956 certauimus
1044 3896 1259 3982 gratia
1312 3889 1578 3984 puellae
1597 3939 1616 3974 ,
1759 3887 2516 3964 inter-re-aduoerana

579 4005 762 4074 tibus
824 4008 1083 4098 verbis3
1184 4029 1313 4100 ego
1387 4023 1613 4075 autem
1673 4013 1930 4100 primus
2009 4010 2208 4099 coepi
2275 4005 2496 4076 irasci.

582 4125 703 4192 Sin
751 4141 975 4192 autem
1008 4147 1301 4218 vnquam
1348 4130 1425 4194 in
1461 4147 1670 4196 vnum
1725 4125 2282 4207 consultabdmus,
2339 4145 2504 4190 non
