2734 4800
292 295 299 300 ’
410 325 721 402 um:
762 269 1412 408 com‘cmvs
1457 287 1954 410 nonant
2049 355 2308 411 mvn
2419 402 2426 412 .

228 538 355 590 cue
392 520 697 630 cognita
734 511 1225 596 haberemus!
1304 523 1520 596 Enim
1528 547 1715 598 uero
1765 520 2060 598 tametst
2101 521 2300 600 mul·

224 653 289 708 ta
340 631 571 713 docte
640 637 1004 744 disputari
1076 638 1414 744 poffunt,
1481 661 1560 718 et
1617 643 1782 718 satis
1839 643 2074 718 multa
2129 641 2296 720 runt

182 839 187 849 ¹
219 754 613 858 disputata,
642 762 986 862 ⁴inprimis
1030 787 1075 834 a
1116 759 1528 838 Villoisono
1587 783 1666 839 et
1705 763 1890 840 inde
1940 789 1988 838 a
2029 763 2290 840 vinoi-

216 873 359 951 soni
402 877 745 954 editione
794 883 1113 974 Veneta,
1156 867 1257 958 de
1300 883 1714 976 Zenodoti,
1755 881 2282 984 Aristophanis,

210 993 620 1091 Aristarchi,
683 1001 1039 1094 Cratetis,
1092 1003 1338 1095 Arati,
1387 1003 1816 1106 Tryphonis
1837 1055 1858 1096 ,
1923 1003 2280 1080 aliorum·

208 1143 345 1220 que
384 1117 683 1212 studii03
751 1119 1035 1198 feriunt
1090 1121 1404 1226 quidem
1463 1149 1682 1202 aures
1741 1141 1822 1211 et
1875 1121 2280 1226 impellunt

204 1258 523 1314 mentem
560 1240 866 1318 auditae
912 1267 1137 1319 voces
1187 1230 1616 1346 διορθώσεις,
1655 1234 1968 1338 ἐκδόσεις,
2009 1241 2276 1320 lectio-

200 1383 469 1461 nesque
514 1359 1060 1463 Aristophanis,
1098 1361 1516 1456 Aristarchi,
1563 1384 1642 1440 et
1691 1361 1793 1440 fic
1829 1391 2102 1468 porro·
2151 1361 2274 1440 vel

202 1475 283 1554 fic
354 1499 661 1577 tamen
686 1481 965 1558 nullius
1022 1489 1488 1586 grammatici
1543 1509 1852 1586 operam
1907 1483 2072 1561 ratis
2133 1483 2272 1560 de-

198 1597 531 1674 claratam
574 1551 961 1680 habemus.
1064 1602 1566 1680 Probabiliter
1597 1590 1748 1682 dici
1789 1601 1996 1706 poss'e
2039 1627 2269 1704 appa·

198 1739 293 1794 ret
333 1720 524 1798 hoc.
610 1719 935 1798 fundum
992 1722 1286 1802 nostrae
1342 1723 1694 1802 lectionis
1753 1721 1901 1800 ess'e
1939 1721 2264 1798 Aristar-

200 1839 435 1914 cheam
455 1895 480 1933 ‚
556 1849 922 1918 mutatam
978 1861 1239 1922 tamen
1294 1849 1379 1918 in
1448 1844 1707 1920 multis
1767 1863 1852 1922 et
1902 1849 2260 1922 variatam

194 1961 465 2038 iudiciis
544 1961 871 2038 aliorum
932 1970 1588 2066 grammaticorum
1607 2021 1627 2057 ‚
1709 1963 2092 2041 interdum
2145 1979 2260 2038 te-
2295 1983 2320 1994 “

186 2086 519 2190 ,meritare
592 2081 1069 2174 librariorum
1141 2103 1221 2162 et
1302 2073 1630 2162 vanitate
1701 2101 2258 2174 correctorumg

190 2201 414 2278 multis
490 2221 754 2283 tamen
819 2209 903 2278 in
968 2205 1159 2282 locis
1212 2210 1442 2282 etiam
1511 2203 2106 2284 emendatiorem
2159 2227 2256 2280 ac

190 2304 560 2401 melior-ern
604 2321 754 2425 ipsa
775 2321 1257 2429 Asistarchea.
1361 2327 1559 2402 Cum
1599 2331 1682 2401 in
1721 2341 1893 2401 toto
1938 2323 2092 2400 hoc
2123 2347 2254 2425 ge-

192 2468 348 2521 nere
411 2448 936 2547 grammatices
1010 2472 1103 2523 ac
1158 2450 1456 2525 critices
1525 2446 1717 2523 nihil
1765 2444 1990 2520 facile
2067 2442 2256 2519 vltra

190 2564 769 2663 probabilitatem
786 2618 809 2659 ,
893 2590 1093 2669 quae
1150 2582 1406 2643 tamen
1463 2570 1550 2640 in
1619 2565 1738 2641 his
1797 2565 2066 2639 iisdem
2119 2561 2254 2639 dee

190 2684 717 2760 monstrationis
776 2690 927 2759 vim
994 2706 1074 2761 et
1138 2686 1400 2763 locum
1434 2684 1717 2763 habere
1755 2682 2081 2761 dicenda
2119 2678 2252 2775 est,
2299 2673 2320 2781 J

188 2804 582 2905 procedere
622 2802 875 2906 poffit:
912 2806 1117 2881 nihil
1164 2804 1301 2899 est,
1365 2804 1580 2910 quod
1619 2804 1720 2881 de
1760 2803 2068 2880 fortuna
2105 2826 2254 2877 no·

188 2922 306 2997 stra
340 2948 809 3029 magnopere
867 2950 1464 3027 conqueramur-3
1548 2924 2018 3029 acquiescere
2061 2920 2250 2997 licet

190 3048 255 3117 in
276 3044 623 3123 {ectione
658 3043 943 3139 nostra,
996 3050 1327 3121 virorum
1391 3046 1800 3124 doctorum
1844 3040 2098 3117 studiis
2141 3038 2246 3117 ad

188 3164 637 3265 probabilem
668 3166 998 3271 aliquem
1038 3164 1384 3255 habitum
1423 3192 1514 3240 ac
1550 3163 1826 3241 faciem
1885 3158 2244 3234 informa·-

191 3303 281 3357 ωε
354 3290 727 3361 Poteru‘nt
775 3284 1027 3362 adhuc
1086 3285 1329 3363 multa
1391 3282 1624 3361 docte
1663 3284 1930 3391 quaeri
1965 3304 2056 3359 ac
2093 3278 2271 3361 dis·-

189 3412 405 3503 putari
418 3435 442 3497 ;
522 3405 767 3481 multo
828 3410 1065 3507 magis
1126 3406 1227 3481 de
1287 3408 1718 3507 antiquiore
1736 3444 1746 3453 ·
1764 3422 1944 3479 ante
1988 3402 2242 3478 Plato-
2323 3456 2329 3463 -
2435 3435 2442 3453 ·

190 3548 339 3601 nem
376 3546 459 3601 et
500 3522 967 3601 Aristotelem
1009 3525 1207 3603 facie
1256 3544 1337 3602 et
1377 3520 1718 3615 foituna3
1785 3522 1882 3599 ab
1929 3526 2020 3599 iis
2041 3576 2062 3614 ‚
2081 3563 2089 3571 ·
2107 3523 2246 3624 qui

192 3644 737 3722 Homericorum
782 3650 1199 3721 carminum
1239 3646 1578 3723 lectione
1617 3642 1976 3721 delectari
1991 3696 2014 3734 ,
2079 3644 2244 3721 vni-

194 3763 493 3867 verfique
530 3770 875 3843 carminis
931 3772 1015 3840 in
1052 3764 1351 3867 singulis
1416 3763 1794 3841 sententiis
1853 3788 1948 3843 ac
1996 3758 2242 3837 verbis

195 3890 545 3987 propriam
580 3892 731 3961 vim
746 3941 765 3978 ,
806 3884 1147 3963 versuum
1202 3884 1748 3988 [implicitatem
1788 3904 1868 3961 et
1922 3880 2264 3973 [uertite-v,

197 4014 327 4077 tem
350 4058 374 4099 ,
419 4010 643 4081 etiam
684 4012 1103 4101 metricam,
1148 4005 1510 4109 indolem,
1551 4023 1834 4111 partes,
1889 4002 2110 4078 dotes
2155 4018 2268 4077 et,

198 4118 427 4201 laudes
468 4146 725 4205 tenere
774 4126 1069 4203 volent:
1150 4125 1316 4202 satis
1334 4201 1343 4213 ,
1364 4124 1844 4229 prospectum
1875 4147 2086 4197 nunc
2115 4116 2240 4197 est

196 4264 305 4339 per
356 4270 481 4341 ea,
534 4274 731 4351 quae
768 4242 887 4339 ‘ex
940 4248 1514 4355 antiquioribus·
1547 4244 1833 4327 [emata
1861 4262 1968 4352 ,et
2017 4266 2065 4317 a
2119 4265 2270 4321 re··
2386 4254 2396 4261 “

2105 4376 2124 4405 s
