2734 4800
604 556 2280 641 *W

736 910 1032 1015 IL
1177 908 1225 1010 I
1388 907 1480 1011 A
1643 905 1955 1009 DI
2114 905 2188 1010 S

1089 1166 1604 1249 LIBER
1687 1166 1839 1249 Ἦ.

600 1334 1133 1463 Troianorum
1154 1410 1405 1479 ‚porro
1463 1388 1770 1458 destituta
1821 1384 1912 1455 est
1965 1401 2036 1455 et
2077 1387 2496 1455 Achiuorum

600 1536 831 1607 pugna
868 1512 1088 1603 grauis
1132 1508 1418 1575 deorum
1447 1511 1905 1612 praesencia..
2015 1506 2232 1597 Saepe
2271 1522 2497 1573 autem

602 1635 739 1699 huc
782 1646 851 1697 et
885 1628 1047 1695 illuc
1080 1625 1552 1717 propendebat
1585 1629 1876 1715 impetus
1905 1624 2142 1715 praelii
2165 1647 2290 1714 per
2321 1650 2502 1693 cam-

600 1773 764 1843 pum
783 1797 803 1831 ‚
962 1750 1173 1837 copiis
1214 1748 1288 1809 in
1324 1742 1392 1811 se
1431 1748 1724 1810 inuicem
1765 1741 2210 1833 dirigentibus
2249 1762 2501 1811 aeratas

602 1866 849 1949 hasta8‚
1056 1866 1237 1929 inter
1318 1862 1682 1929 Simoentis
1766 1877 1836 1926 et
1905 1860 2158 1929 Xanthi
2225 1864 2496 1930 fluenta.

521 1989 568 2056 5
610 1986 777 2050 Aiax
828 1994 1050 2047 autem
1100 1983 1351 2067 primus
1405 1976 1840 2045 Telamonius
1858 2026 1876 2060 ,
1951 1998 2181 2047 murus
2212 1978 2505 2049 Achiuo-

608 2122 761 2168 rum
782 2146 803 2182 ,
980 2096 1438 2163 Troianorum
1477 2096 1662 2187 rupit
1698 2095 2092 2186 phalangem
2109 2146 2129 2182 ,
2189 2098 2508 2191 spemque

592 2208 804 2286 ‘sociis
860 2211 1083 2282 attulit
1097 2263 1117 2297 ‚
1239 2217 1458 2281 virum
1495 2216 1882 2302 percutiens
1896 2262 1915 2297 ,
1977 2218 2094 2304 qui
2123 2214 2502 2285 fortiffimus

548 2318 793 2402 “inter
812 2331 1139 2403 -Thracas
1202 2347 1346 2397 erat
1364 2380 1385 2417 ‚
1559 2330 1772 2397 filium
1807 2330 2067 2400 Euffori
2087 2381 2107 2420 ‚
2175 2336 2509 2404 Acaman-

608 2469 749 2519 tem
772 2501 791 2534 ,
866 2449 1380 2541 strenuumque,
1459 2471 1928 2541 magnumque.
2097 2451 2300 2520 Hunc
2354 2478 2512 2544 per-

618 2567 805 2636 cuffit
854 2571 1107 2658 primus
1146 2572 1221 2636 in
1259 2567 1508 2658 galeae.
1534 2589 1714 2637 cono
1757 2567 1971 2636 setis·-
1997 2573 2316 2659 equinis·-
2341 2572 2517 2639 den-

501 2712 580 2758 10
620 2687 763 2764 sae,
893 2690 1102 2776 inque
1144 2685 1374 2752 fronte
1413 2685 1620 2768 fixit3.
1658 2688 2168 2775 penetrauitque
2209 2690 2385 2755 intra
2430 2712 2514 2758 os

620 2803 837 2893 cuspis
890 2826 1120 2875 aerea:
1193 2827 1346 2872 etum
1401 2825 1566 2875 vero
1615 2803 1935 2872 tenebrae
1981 2802 2218 2889 oculos
2257 2829 2516 2898 coope-

620 2935 929 2991 ruerunt.
2339 2960 2346 2970 ·
2555 2919 2562 2930 ’

792 3038 1081 3130 Axylum
1122 3060 1333 3128 porro
1372 3039 1715 3114 interfecit
1751 3063 1980 3132 pugna
2010 3041 2312 3111 strenuus
2341 3044 2522 3112 Dio-

624 3158 854 3228 medes
874 3206 895 3241 ,
1068 3157 1595 3228 Teuthranidem
1616 3209 1634 3243 ,
1723 3164 1841 3251 qui
1910 3160 2252 3231 habitabat
2311 3162 2523 3230 bene·-

623 3279 867 3347 structa
914 3278 993 3342 in
1038 3275 1310 3363 Arisba,
1485 3278 1673 3345 diues
1734 3300 1976 3368 opum,
2059 3279 2526 3372 benignusque

510 3398 589 3470 15
632 3412 778 3464 erat
806 3393 1225 3461 hominibus:
1356 3419 1591 3464 omnes
1633 3399 1812 3462 enim
1854 3397 2225 3490 excipiebat
2247 3439 2283 3454 -·
2313 3403 2527 3466 eomi-

626 3531 772 3596 ter‚
848 3512 934 3578 ad
978 3514 1153 3577 viam
1176 3509 1363 3592 ficas
1407 3513 1604 3579 aedes
1653 3512 1981 3582 habitans.
2047 3555 2052 3563 ·
2132 3515 2270 3582 Sed
2313 3515 2396 3582 ab
2438 3539 2529 3584 eo

630 3629 859 3698 nullus
942 3629 1184 3696 horum
1269 3644 1438 3696 tunc
1525 3634 1742 3696 arcuit
1823 3631 2076 3702 tristem
2151 3637 2528 3720 interitum,

634 3763 793 3840 ante
832 3746 1267 3835 subueniens3
1318 3746 1438 3815 red
1479 3747 1711 3816 ambos
1757 3753 1976 3816 anima
2011 3754 2307 3842 priuauit
2344 3755 2532 3820 Dio.

636 3865 908 3980 πιεζεε,
1018 3863 1243 3957 ipsum
1290 3881 1359 3931 et
1398 3866 1722 3936 famulum
1761 3843 2089 3934 calesium
2109 3919 2128 3955 ‚
2203 3875 2322 3962 qui
2346 3889 2535 3938 ‘tunc

639 4003 969 4076 equorum
1104 3999 1247 4054 erat
1286 3988 1549 4077 auriga3
1610 3984 1812 4075 hique
1859 3985 2056 4054 ambo
2090 4004 2336 4057 terram
2379 3989 2536 4056 sub-

637 4100 886 4170 ierunt.
