2734 4800
908 246 1100 320 Hs>
1153 239 1475 344 Mna
1522 249 1583 324 1.
1936 231 1947 245 '
2084 283 2285 336 mn

224 455 420 502 num.
513 431 628 504 Ex
673 435 764 507 iis
781 487 802 523 ,
853 457 1054 535 quae
1091 401 1605 538 Waffenbeig.
1646 447 2053 536 memorat,
2102 421 2283 524 affe-

227 556 344 652 qui
383 549 597 644 licet,
655 549 968 630 Scholia
1023 549 1170 630 ess'e
1241 553 1615 648 fecundae
1672 559 1905 636 elaffis
1924 619 1943 654 ,
2000 592 2285 644 conue-

223 676 418 746 niunt
459 695 633 747 cum
671 673 887 748 Leid.
935 693 1012 750 et
1048 672 1348 750 Vene'to
1392 678 1471 750 B.
1539 678 1825 758 habere
1870 703 2158 780 tamen,
2178 711 2283 776 vt
2380 773 2393 786 „

221 799 508 885 ceteros,
547 799 858 894 propria
901 794 1300 896 quaedam.
1345 799 1581 894 Quod
1634 801 1847 876 valk.
1900 806 1999 878 ad
2032 809 2279 884 Phoe-

219 909 356 988 ni.ff
381 939 468 1012 p.
513 914 672 1012 569
721 939 818 988 ex
871 939 967 988 eo
1021 915 1312 992 Codice
1354 915 1619 994 laudat
1678 923 1789 996 ad
1830 923 2280 1028 Jl·¹1'·6.?9

213 1026 582 1118 Μακέται·
638 1027 1060 1129 Οἲὸοπὸὃαο,
1116 1035 1393 1138 legitur
1462 1067 1777 1144 quoque
1845 1049 1927 1118 in
1986 1049 2271 1126 Victor.
2404 1085 2415 1090 ·

216 1155 418 1229 Aliud
457 1155 644 1231 ibid.
695 1183 772 1258 Ρ.
817 1157 966 1241 643
1019 1163 1461 1250 excitatum,
1512 1160 1853 1261 spectans
1890 1166 1991 1240 ad
2038 1168 2129 1244 Π.
2168 1173 2273 1262 Κ,

211 1300 344 1374 290
385 1274 486 1352 est
531 1283 620 1351 in
664 1280 860 1352 Ven.
905 1279 996 1351 A.
1065 1277 1298 1352 Aliud
1349 1280 1451 1354 ad
1500 1285 1595 1372 N,
1656 1283 1796 1381 137
1862 1283 2275 1386 legitur-in
2336 1279 2343 1290 ’

211 1395 378 1478 Ven.
421 1403 514 1472 A.
565 1401 654 1472 B.
707 1400 798 1471 ln
843 1397 1122 1474 eodem
1175 1399 1467 1478 Codice
1518 1399 1621 1476 est
1661 1405 2129 1504 Paraphrafis
2169 1410 2273 1495 de
2314 1451 2327 1464 -

213 1520 346 1618 qlia
373 1543 462 1604 x.
510 1513 904 1597 Wass'enb.
955 1545 1034 1619 p.
1092 1522 1286 1595 VIII.
1386 1523 1490 1596 At
1524 1526 1608 1595 in
1657 1528 1915 1624 primis
1960 1525 2079 1601 vff.
2142 1529 2269 1610 τοῦ

213 1641 288 1712 Α.
326 1663 516 1742 quae
565 1639 846 1730 habet,
909 1641 1375 1740 cum.Regio
1434 1647 1623 1738 (nos
1677 1643 1899 1718 Paris.
1938 1648 2268 1747 appella-

211 1783 390 1851 mus,
437 1787 508 1835 v.
557 1761 666 1836 de
707 1759 1063 1834 Tolliano
1109 1779 1474 1860 apparatu
1532 1766 1616 1836 in
1662 1765 1866 1841 Sect.
1936 1764 2265 1843 defin-b-

209 1877 377 1956 fidiis
421 1881 674 1976 Edit.)
719 1883 1152 1954 communia
1197 1879 1456 1956 habet.

383 2002 764 2078 Codicum
845 1999 1515 2099 Escorialenfium
1594 2005 1939 2102 notitiam
2020 2007 2263 2084 edidit

209 2140 538 2198 accurate
591 2141 674 2198 et
739 2119 970 2198 docte
1020 2125 1114 2196 T.
1185 2125 1268 2201 C.
1326 2120 1671 2217 Tychsen
1716 2123 1967 2200 noster
2010 2131 2101 2204 V.
2172 2133 2267 2204 C:

207 2239 684 2326 (Bibliothek
741 2245 886 2316 der
937 2242 1159 2316 ‘alcen
1211 2245 1404 2316 Lict.
1460 2269 1538 2316 u.
1590 2241 1845 2341 Kunst
1906 2249 1980 2320 6.
2027 2249 2263 2322 Stzssck

207 2385 274 2462 p.
323 2363 526 2459 134.)
601 2361 806 2439 vnde
871 2382 1220 2463 apparet,
1289 2365 1839 2463 comparandos
1889 2363 2034 2441 effe
2085 2369 2259 2446 illos
2324 2432 2331 2439 .

211 2508 498 2589 quoque
551 2511 730 2561 cum
767 2484 1086 2561 Scholiis
1133 2484 1433 2559 alten‘us
1466 2482 1733 2579 claffis,
1768 2490 1851 2561 in
1880 2511 2030 2589 qua
2054 2494 2263 2590 prin-

207 2628 362 2705 ceps
416 2603 520 2680 est
566 2608 904 2681 venetus
955 2608 1045 2685 B.

393 2725 845 2799 Vaticanus
905 2726 1172 2801 Codex
1221 2744 1690 2801 memoratur
1740 2728 1941 2801 inter
1992 2726 2260 2804 melin-

201 2868 342 2936 τω,
379 2850 563 2948 quia
605 2846 1004 2947 Porphyrii
1043 2844 1413 2919 nonnulla
1455 2844 1739 2921 habere
1784 2844 2055 2937 fertur,
2106 2847 2263 2925 fide

36 2966 39 2975 '
203 2964 436 3041 Lucae
473 2964 846 3042 Holstenii
886 2966 985 3043 de
1023 2966 1391 3065 Porphyr.
1445 2964 1497 3039 1.
1542 2992 1610 3041 c.
1652 2948 1729 3067 Ρ
1781 2966 2263 3066 244.1nspe-

204 3104 398 3159 xerat
433 3110 612 3163 eum
675 3084 1578 3191 Villoiron.(Prolego1n
1624 3110 1703 3187 p.
1752 3088 2085 3177 XLVII.)
2137 3086 2261 3163 vbi

207 3204 269 3279 l’e
323 3204 526 3283 Obff.
575 3232 668 3281 ex
709 3234 806 3284 eo
856 3226 1268 3323 excerptas
1285 3204 1427 3281 suis
1464 3206 1655 3280 locis
1700 3202 2073 3279 inseruiffe
2117 3212 2257 3293 ait·

205 3322 464 3401 scilicet
492 3342 588 3421 A
628 3330 803 3415 433.
856 3332 1030 3429 457.
1074 3340 1216 3427 491
1271 3345 1379 3403 et
1392 3326 1490 3401 ad
1532 3328 1627 3417 X,
1692 3353 1753 3399 ι.
1794 3322 1992 3399 vnde
2046 3345 2259 3427 patet

155 3512 164 3522 .
209 3442 338 3521 effe
383 3446 682 3541 eadem,
735 3476 932 3552 quae
983 3455 1069 3525 in
1115 3452 1306 3528 Ven.
1359 3452 1443 3523 Β.
1502 3470 1815 3549 quoque
1868 3443 2255 3545 leguntur:

161 3622 180 3645 .,
209 3562 446 3669 estque
489 3569 684 3645 adeo
731 3591 808 3645 et
850 3575 914 3647 is
960 3568 1228 3647 Codex
1267 3568 1643 3647 secundae
1690 3560 1967 3643 claffis.

342 3688 514 3763 Ad
549 3690 866 3765 eandem
905 3686 1375 3767 manifestum
1433 3687 1537 3766 est
1577 3684 2061 3761 referendum
2109 3680 2259 3761 effe

219 3806 578 3884 Codicem
627 3812 1080 3887 Medic-eum
1121 3812 1326 3917 apud
1367 3808 1683 3886 Bandin.
1748 3806 1981 3881 Catal.
2040 3808 2252 3891 MSS.

209 3924 376 4001 Bibl.
411 3930 687 4007 Medic.
729 3936 824 4007 T.
865 3938 956 4008 11.
1001 3961 1080 4036 p.
1120 3944 1256 4021 124
1303 3932 1497 4009 Cod.
1522 3934 1649 4005 111.
1680 3927 1925 4005 Plutei
1952 3929 2252 4001 XXXII.

178 4042 474 4125 'docent
515 4051 668 4127 hoc
715 4052 1002 4131 adiecta
1052 4053 1457 4157 specimina
1504 4078 1599 4127 ex
1642 4054 1723 4141 Z,
1778 4079 1803 4124 1
1860 4064 1935 4121 et
1982 4056 2085 4135 Ω,
2124 4072 2253 4121 ex-

213 4180 290 4238 tr·
328 4190 558 4266 porro
603 4172 809 4247 alias
859 4176 1050 4261 Cod.
1111 4177 1336 4255 VIII.
1420 4174 1803 4250 Alterute1
1848 4192 1953 4241 ex
1982 4166 2099 4241 his
2148 4164 2253 4241 est
