2734 4800
345 269 532 345 m·
591 253 1282 345 ctossARns
1341 263 1465 342 m
1512 243 2133 352 Homnnvitt
2174 214 2373 356 ωἰι

255 484 504 554 naeo,
581 455 997 548 Strabone,
1069 454 1461 558 Stephano
1514 459 1686 554 Byz.
1758 461 2013 538 Habet
2052 489 2369 572 quoque
2463 487 2475 496 ‘

251 579 643 657 nonnulla
693 577 1112 679 Porphyrii.
1214 566 1559 654 Versatus
1636 579 1855 659 valde
1912 583 2056 658 fuit
2122 590 2207 664 in
2258 589 2369 670 10-

249 707 524 778 ctione
587 685 1126 800 Tragicorum,
1199 695 1747 801 Aristophanis,
1822 705 2363 807 Lycophronis,

243 822 606 912 Pindari,
657 821 1092 912 Theocriti,
1141 815 1485 910 Hefiodi,
1538 819 1955 914 Herodoti,
1998 825 2358 925 Platonis,
2460 829 2486 854 '

244 969 440 1018 nam
509 968 606 1016 ex
651 941 768 1016 his
808 941 1111 1018 videtur
1158 937 1399 1016 multa
1436 938 1563 1016 sua
1632 969 1730 1020 ex
1786 929 2148 1042 lectione,
2199 975 2365 1026 non

245 1029 592 1138 aliorum
642 1066 954 1154 notatis,
1013 1057 1328 1138 afferre

461 1201 602 1273 His
653 1201 848 1273 inter
896 1196 971 1272 se
1035 1185 1485 1300 comparatis
1528 1195 2001 1300 intelligitur,
2052 1205 2359 1284 Scholia

243 1320 695 1432 antiquiora
737 1322 980 1394 critici
1027 1322 1320 1419 generis
1370 1337 1665 1392 mature
1709 1315 1857 1394 esse
1912 1323 2211 1419 relicta,
2280 1347 2358 1406 et
2476 1367 2483 1377 ·

235 1427 638 1518 lectorum
672 1435 996 1512 studium
1039 1435 1407 1514 transiiss'e
1457 1437 1555 1511 ad
1600 1437 1789 1514 illud
1821 1441 2179 1540 alterum,
2216 1447 2357 1524 do-

233 1585 407 1636 nec
431 1554 910 1660 sequioribus
958 1554 1266 1634 saeculis
1308 1557 1409 1632 ad
1460 1583 1551 1632 ea
1612 1555 2087 1660 deflecteret,
2152 1589 2353 1669 quae

237 1687 335 1756 in
377 1677 658 1781 puerili
696 1675 1160 1752 institutione
1211 1677 1416 1753 vtilia
1474 1671 1621 1754 effe
1686 1697 2073 1793 poterant,
2143 1713 2355 1762 mera
2430 1693 2437 1699 ’

239 1803 790 1903 grammaticae
847 1798 1244 1874 technicae
1306 1816 1733 1900 praecepta.
1837 1797 1926 1874 In
1964 1804 2219 1880 medio
2262 1805 2354 1883 il-

235 1923 330 1998 lo
373 1918 623 1994 studio
665 1918 903 1992 multa
939 1918 1270 2020 vulgaria
1323 1937 1771 2020 repetuntur
1824 1925 1907 1994 in
1963 1919 2353 2028 plerisque

233 2039 648 2144 omnibus,
696 2038 1038 2116 doctiora
1079 2063 1287 2130 raro,
1351 2059 1431 2112 et
1472 2035 1709 2120 modo
1763 2043 1843 2114 in
1881 2038 2036 2118 hoc
2106 2045 2345 2123 modo
2446 2031 2451 2038 ¹

239 2167 338 2238 in
386 2160 630 2236 altero
675 2159 948 2234 codice
992 2165 1489 2260 reperiuntur.
1588 2157 1829 2254 Mythi
1846 2215 1867 2252 ,
1915 2185 2062 2240 nec
2092 2184 2349 2244 tamen

243 2278 689 2359 constanter
706 2337 726 2372 ,
783 2298 1269 2381 repetuntur,
1347 2279 1538 2355 locis
1582 2279 1961 2355 interdum
1978 2337 1998 2376 ,
2054 2288 2137 2358 in
2181 2293 2347 2388 qui-

237 2404 398 2479 bus
450 2400 659 2507 Ιιαιιά
713 2420 1104 2503 θιῑΡθοωε,
1161 2406 1244 2475 in
1301 2402 1462 2477 aliis
1532 2398 1921 2479 codicibus
1968 2403 2118 2480 alio
2160 2406 2343 2491 Loco

237 2520 644 2620 adscripti3
704 2525 812 2594 ita
839 2539 1110 2617 ‚tamen
1149 2520 1600 2624 plerumque
1638 2522 1875 2597 modo
1915 2528 2341 2605 omittendo

235 2642 498 2720 modo
541 2640 686 2735 alia
721 2626 1114 2717 inferendo
1134 2697 1155 2734 ,
1199 2646 1533 2743 corrupti
1558 2696 1577 2734 ,
1626 2660 1709 2716 vt
1738 2642 1923 2719 hinc
1962 2642 2185 2723 facile
2237 2648 2343 2723 as-
2407 2714 2415 2721 .

232 2762 466 2865 ¹sequi
499 2761 724 2837 liceat
739 2816 760 2853 ‚
805 2762 1198 2864 quomodo
1237 2767 1553 2838 notitiae
1582 2764 1958 2857 mythica'e
1982 2764 2339 2843 seriorum

241 2900 597 2959 aetatum
638 2901 794 2954 tam
839 2887 1113 2955 mirum
1153 2886 1237 2955 in
1277 2884 1593 2983 modum
1648 2880 1961 2961 absurda
2007 2888 2341 2987 comple-

245 3010 358 3081 cti
401 3000 700 3105 poffint.
855 3002 1054 3077 cum
1107 3008 1306 3077 enim
1353 3008 1437 3077 in
1488 3002 1793 3080 breuius
1832 3000 2175 3104 redigere
2210 3032 2347 3084 vo·-

245 3122 516 3199 lebant
571 3120 856 3197 librarii
903 3126 1425 3215 ‘narratione3,
1491 3142 1625 3197 aut
1678 3120 1807 3195 alii
1847 3120 2007 3197 aliis
2057 3146 2181 3200 eas
2224 3124 2342 3202 lo·

251 3243 692 3344 cupletare,
769 3242 1006 3317 modo
1065 3241 1584 3333 obscuritates,
1646 3236 1883 3318 modo
1934 3244 2344 3346 interpola·
2436 3256 2445 3265 '

247 3368 497 3439 tiones
541 3362 798 3437 illatae
843 3359 1042 3457 sunt,
1087 3388 1286 3467 quae
1325 3387 1637 3465 omnem
1668 3368 2063 3467 antiquam
2106 3360 2339 3440 fidem

252 3502 636 3568 euertunt.

455 3606 540 3679 Si
579 3600 906 3677 nostram
958 3540 1418 3705 diligentiam
1471 3619 1761 3679 veteres
1814 3596 2339 3695 adhibuiss‘ent,

253 3746 332 3799 vt
371 3722 678 3825 lingulis
719 3718 1477 3797 animaduersionibus
1517 3718 2017 3801 adscriberent
2054 3742 2341 3799 nomeu

259 3848 766 3945 grammatici,
811 3847 944 3944 qui
995 3866 1250 3941 earum
1299 3862 1569 3918 auctor
1616 3838 1893 3935 fuerat,
1963 3860 2097 3915 aut
2137 3842 2373 3918 vnde·

263 3992 404 4040 eae
445 3968 778 4067 petitae
811 3958 1072 4061 ess'ent,
1132 3936 1334 4060 bene
1392 3962 1793 4039 nobiscum
1836 3976 2090 4036 actum
2132 3934 2330 4039 ess‘et.
2442 4000 2445 4003 ·

257 4088 438 4163 Hoc
481 4090 692 4159 enim
742 4067 794 4160 si
839 4018 1202 4175 feciss'ent,
1230 4084 1497 4183 liceret
1536 4084 1633 4159 de
1664 4084 2111 4174 auctoritate
2144 4080 2335 4155 mul

266 4224 529 4280 torum
545 4182 1037 4282 scholiorum
1085 4206 1350 4281 melius
1384 4204 1755 4299 iudicare,
1811 4206 2036 4281 'etiam
2086 4200 2183 4275 de
2211 4224 2335 4275 ae·-

1419 4350 1467 4403 θ
1529 4353 1577 4405 2
