2734 4800
437 233 574 327 ὀη
685 336 690 341 ,
807 248 955 337 lv·
1053 248 1248 325 DE
1335 198 2195 335 svssnst-nns

383 464 402 474 ’
469 436 582 514 de
613 462 756 541 per
791 438 1308 516 Nohdenium·
1331 466 1589 517 meum
1634 440 1970 521 lectione
2020 444 2372 527 codicem
2396 472 2553 522 am·

469 561 782 667 pliffimu
825 586 1002 638 cum
1020 638 1024 645 ,
1045 580 1301 661 gratae
1341 565 1619 639 mentis
1678 562 2229 666 significatione
2276 566 2545 645 remifi.

671 701 871 779 Cum
914 714 1167 773 autem
1215 694 1477 803 postea
1516 684 1776 777 variae⁴
1826 701 2181 779 lectionis
2243 728 2550 809 compa-

465 827 843 901 rationem
895 844 1072 896 cum
1129 816 1430 927 reliquo
1496 841 1860 928 apparatu
1920 822 2315 917 facerem„
2346 850 2549 900 eam-

467 970 626 1050 que
673 946 760 1016 in
811 937 1393 1017 obseruationes
1434 939 1625 1021 locis
1672 940 1814 1017 suis
1870 940 2269 1037 inferrem,
2330 944 2547 1049 saepe

465 1065 782 1171 pudoris
841 1064 995 1135 mei
1042 1064 1521 1163 poenitentia
1572 1088 1699 1137 me
1760 1062 2087 1157 inceffit3
2146 1066 2551 1190 multoque
2664 1158 2677 1165 ·

465 1188 743 1287 magis,
823 1206 1001 1296 cum
1062 1170 1551 1257 scholiorum
1622 1179 2043 1283 fragmenta*
2120 1187 2329 1265 cum
2377 1186 2547 1265 aliis

465 1300 954 1383 adhibenda
977 1325 1535 1401 compararem·
1514 1358 1535 1392 ,
1632 1322 1788 1377 tam
1874 1306 2263 1405 praeclara
2306 1298 2578 1385 haec'

321 1450 350 1471 ⁸
467 1424 616 1507 ess'e
663 1420 1029 1513 intellexi,
1074 1420 1474 1525 multoque
1513 1427 1747 1524 magis
1792 1425 1879 1499 in
1904 1430 2253 1523 extremis
2293 1427 2545 1503 libris·

380 1582 392 1589 ·
463 1547 624 1625 vidi
667 1543 873 1622 enim
917 1566 1008 1618 ea
1045 1536 1193 1616 effe
1241 1567 1336 1617 ex
1380 1540 1935 1645 antiquiffimiS,
1980 1567 2339 1651 excerpta
2374 1574 2549 1675 par-⁸

462 1673 605 1747 tim
643 1691 688 1741 e
731 1660 950 1740 fonte
987 1665 1216 1764 p1imi
1259 1644 1584 1756 ordinis,
1648 1668 1925 1765 partim
1969 1692 2015 1743 e
2056 1664 2327 1743 fonte
2332 1660 2548 1745 comi

459 1791 680 1867 muni
721 1782 1097 1862 secundae
1142 1780 1407 1857 claffis:
1459 1808 1555 1858 ex
1596 1782 1751 1861 hoc
1792 1784 2103 1887 quidem
2142 1768 2387 1890 plura.

667 1908 866 1983 Cum
953 1901 1336 2003 superiore
1425 1902 1735 1979 demum
1826 1932 2031 1981 anno
2102 1910 2189 1983 in
2274 1934 2547 1987 manus

457 2053 667 2107 meas
714 2019 1172 2129 perueniffet
1210 2024 1727 2131 apographum
1752 2025 2237 2105 scholiorum
2277 2028 2547 2109 Victo-

267 2202 273 2215 .
373 2218 378 2225 ,
457 2154 884 2225 rianorum:
949 2168 1124 2219 cum
1183 2147 1338 2219 iam
1400 2146 1485 2217 in
1532 2142 1741 2221 libris
1800 2166 2127 2251 quatuor
2182 2158 2543 2231 extremis

455 2269 720 2349 :Iliadis
770 2288 1004 2374 opera
1045 2288 1218 2341 mea
1257 2262 1700 2341 versaretur:
1756 2266 1982 2345 valde
2011 2275 2337 2375 pupugit
2372 2276 2547 2349 ani-

453 2403 669 2468 mum
763 2384 1156 2466 consensus
1251 2387 1453 2488 inter
1538 2385 1851 2464 Scholia
1934 2392 2377 2469 Victoriana
2456 2416 2543 2472 et

453 2509 985 2599 'I'ownleiana3
1033 2508 1415 2610 coepique
1442 2503 1823 2608 suspicari,
1874 2535 1971 2586 ex
1998 2537 2147 2587 vno
2176 2539 2538 2600 nonme-

451 2631 558 2708 do
611 2628 830 2706 sonte
869 2623 1150 2728 eafflffe
1189 2626 1552 2722 deriuata,
1597 2653 1860 2724 verum
1896 2655 1995 2708 ex
2033 2657 2179 2707 vno
2222 2635 2538 2712 eodem..

451 2775 612 2860 que
680 2747 1096 2852 exemplari
1160 2765 1477 2849 vti-aque
1546 2743 1695 2822 effe
1750 2747 2154 2856 descripta3
2239 2753 2537 2859 seposui

451 2891 714 2948 tamen
767 2867 1232 2948 subtiliorem
1303 2865 1901 2970 disquifitionem
1971 2871 2138 2976 post
2185 2875 2537 2960 laborem

446 2997 534 3071 in
572 2991 815 3098 ipsum
862 3013 1166 3066 carmen
1209 2986 1667 3069 exhaustum.

646 3115 878 3190 Nunc
921 3133 1232 3188 omnem
1279 3134 1447 3184 rem
1485 3133 1581 3183 ex
1617 3111 1917 3210 integro
1962 3108 2252 3212 dispexi
2294 3134 2372 3194 et
2409 3117 2531 3196 lo..

407 3323 414 3329 ι
449 3259 574 3324 ca,
611 3234 700 3308 in
744 3229 1022 3334 quibus
1059 3225 1463 3304 dissensum
1505 3253 1553 3303 a
1590 3234 1865 3322 ceteris
1905 3214 2257 3314 omnibus
2285 3237 2531 3316 Scho-

443 3353 602 3445 liis,
651 3369 732 3429 et
793 3347 1231 3428 consensum
1284 3345 1615 3424 duorum
1670 3352 1871 3426 inter
1926 3349 2005 3426 se
2054 3357 2527 3456 incitauerant,

440 3471 740 3548 denuo‘
783 3472 1222 3572 comparaui
1287 3489 1368 3544 et
1430 3468 1823 3570 explora-ui
1838 3523 1863 3565 ,
1936 3497 2303 3578 nuncque
2360 3479 2527 3558 hoo

345 3608 356 3618 ·
437 3611 586 3695 pro
645 3610 854 3674 certo
915 3608 994 3666 et
1061 3588 1453 3693 explorato
1514 3589 1767 3668 habeo
1786 3645 1809 3683 ,
1882 3593 2237 3672 codicem
2306 3598 2527 3679 huno

446 3715 568 3788 To
576 3711 1082 3804 wnleianum,
1135 3708 1364 3786 facile
1392 3714 1853 3813 principem,
1902 3707 2051 3792 effe
2078 3713 2317 3817 ipsum
2344 3717 2523 3798 fon-

437 3851 616 3910 tem·
641 3830 1124 3911 scholiorum
1177 3831 1877 3918 Victorianorum,
1912 3835 2051 3938 qui
2064 3887 2087 3928 ,
2134 3863 2293 3942 quo
2341 3867 2521 3944 pa·-

437 3947 779 4044 venilia,
827 3975 1092 4030 omnes
1135 3951 1591 4030 litteratores
1634 3953 2122 4053 ignorabant3
2146 4025 2171 4039 ,.
2192 3980 2273 4038 vt
2310 3963 2513 4042 adeo

329 4151 344 4166 ,
437 4077 600 4152 eius
663 4071 988 4176 dignitas
1041 4059 1140 4148 'fit
1195 4070 1475 4168 summa
1544 4073 2022 4178 gratulerque
2080 4077 2511 4182 dignissimo

432 4189 816 4299 pofl'ess'ori
857 4191 958 4272 de
999 4189 1555 4298 exquifltiffimo
1598 4193 1753 4272 hoc
1784 4195 2133 4282 ‘cimelia
2238 4204 2339 4284 Vt
2376 4231 2513 4285 au..
