2734 4800
344 244 413 358 J
502 245 909 316 1L1Ams
968 213 2018 335 L1n.xx1V.v.449-475.'
2165 249 2300 332 605,
2344 349 2356 358 ,.

378 437 563 506 Pelei
602 435 722 502 filii
767 451 1221 526 peruenerant
1266 533 1275 540 .
1375 431 1734 519 excelsum,
1783 432 1974 526 quod
2013 434 2301 526 Myrmi-

207 559 339 646 450
380 556 599 624 dones
642 554 945 621 fecerant
981 557 1127 644 regi
1379 551 1577 644 lignis
1617 555 1852 620 abietis
1916 553 2110 620 caesis
2131 603 2149 638 ,
2231 572 2304 622 et

373 673 660 764 desuper
711 687 1039 756 texerant,
1294 668 1765 762 lanuginosum
1833 671 2156 739 calamum
2219 683 2300 740 ex

376 809 576 886 prato
623 791 1070 861 demetendo:
1269 793 1566 874 <circum
1608 807 1834 857 autem
1877 793 1942 858 ei
1980 763 2304 882 magnum
2421 871 2434 880 ἢ

381 907 641 1002 septum
682 911 988 978 fecerant
1021 910 1167 1000 regi
1360 909 1530 1000 palis
1572 909 1824 976 denfis:
1867 911 2138 978 ianuam
2179 934 2300 976 au-

372 1046 515 1096 tem
556 1030 833 1098 tenebat
870 1049 1039 1096 vnus
1084 1027 1260 1094 obex
1499 1027 1859 1118 abiegnus,
1911 1043 2124 1122 quem·
2159 1047 2300 1097 tres

206 1149 339 1241 455
384 1149 659 1240 quidem
700 1147 1052 1216 obdebant
1087 1147 1357 1232 Achiui,
1525 1163 1665 1215 tres
1707 1150 1870 1214 item
1915 1148 2299 1218 reserabant

234 1333 239 1342 ,
374 1272 613 1357 ingens
650 1265 999 1336 claustrum
1036 1265 1313 1348 forium,
1489 1288 1571 1331 ex
1611 1264 1792 1352 aliis;
1817 1243 2142 1335 'Achilles
2181 1293 2300 1336 ve-

376 1408 459 1454 ro
504 1385 803 1452 obdebat
846 1386 1045 1450 etiam
1088 1383 1299 1476 solus)
1507 1399 1656 1450 tum
1701 1385 2298 1476 quidem-Mercu-

374 1507 515 1571 rius
557 1503 917 1572 vtilitatum
954 1543 993 1560 -
1036 1517 1276 1568 auctor
1316 1505 1586 1590 aperuit
1635 1502 1802 1586 seni,
1973 1491 2300 1596 iuti-oque

372 1623 562 1690 duxit
630 1621 887 1712 inclyta
942 1619 1126 1686 dona
1189 1620 1478 1710 pedibus
1523 1662 1559 1677 -
1597 1622 1816 1690 veloci
1875 1621 2061 1690 Pelei
2122 1624 2294 1710 filio,

379 1765 421 1808 e
465 1763 801 1831 curruque
843 1737 1187 1807 descendit
1226 1741 1301 1805 in
1344 1755 1590 1806 terram
1611 1789 1630 1824 ,
1680 1739 2016 1831 dixitque:

204 1925 339 2014 460
554 1921 685 2007 „O
733 1920 971 2007 senex,
1036 1946 1164 2014 ego
1210 1922 1484 2014 quidem
1532 1923 1698 1990 deus
1739 1923 2136 1992 immortalis
2180 1949 2297 1994 ve-

376 2045 455 2111 ni
660 2039 1079 2130 Mercuriusg
1136 2041 1263 2109 tibi
1310 2046 1490 2109 enim
1535 2067 1645 2110 me
1685 2045 1940 2134 Iupiter
1975 2051 2051 2110 ‘vt
2091 2087 2128 2102 -
2177 2067 2314 2112 co·-

371 2163 649 2228 mitat-er
696 2159 941 2226 ducem
981 2201 1017 2216 -
1059 2163 1207 2230 viae
1252 2161 1603 2252 praebuit3
1814 2161 1928 2228 sed
1973 2185 2100 2252 ego
2145 2167 2295 2254 qui-

378 2278 541 2350 dem.
573 2279 855 2362 redib0,
919 2301 1146 2369 neque
1200 2278 1478 2347 Achillis
1731 2281 1806 2348 in
1861 2279 2296 2371 conspectum

378 2402 677 2466 veniam:
728 2391 1117 2489 'indignum
1175 2402 1353 2465 enim
1411 2400 1588 2484 ess'et,
1680 2380 1685 2392 Ι
1847 2400 2299 2467 immortalem

147 2571 173 2579 -
202 2518 340 2605 465
382 2508 585 2583 de'um
632 2517 720 2585 fic
760 2517 1079 2585 mortales
1120 2517 1363 2584 fouere
1405 2517 1649 2607 palam.
1820 2520 1932 2584 Tu
1975 2542 2136 2590 vero
2189 2523 2300 2585 in·-
2415 2518 2420 2527 '

378 2636 627 2726 gressus
667 2636 1015 2727 prehende
1058 2658 1277 2726 genua
1318 2634 1504 2701 Pelei
1545 2634 1688 2716 filii,
1865 2650 1937 2701 et
1980 2658 2130 2701 eum
2175 2661 2299 2726 per
2403 2664 2410 2669 ·

262 2804 269 2819 .
379 2769 643 2845 patrem
683 2770 753 2822 et
794 2772 1079 2821 matrem
1110 2742 1353 2821 ‘eomas
1393 2792 1428 2809 -
1462 2751 1766 2842 pulcram
1947 2751 2226 2845 supplex
2259 2797 2296 2816 .-

384 2894 502 2937 ora
522 2920 543 2957 ,
586 2888 657 2940 et
691 2872 938 2945 filiumt
980 2888 1055 2944 vt
1096 2874 1163 2941 ei
1204 2874 1502 2939 animum
1543 2893 1996 2941 commoneas.
2015 2879 2064 2916 ‘⁴

540 3039 974 3132 Sic-quidem
1010 3038 1186 3108 fatus
1230 3040 1410 3107 abiit·
1436 3036 1523 3105 ad
1563 3038 1889 3105 excelsum
1923 3040 2298 3132 Olympum

378 3156 794 3250 Mercurius3
838 3161 1139 3247 Priamus
1184 3180 1348 3227 vero
1395 3157 1485 3223 de
1524 3180 1726 3223 curru
1766 3156 2004 3225 desiliit
2043 3163 2117 3226 in
2157 3176 2299 3226 ter-

205 3276 342 3362 470
380 3298 550 3363 ram,
802 3278 1211 3369 Idaeumque
1253 3274 1508 3348 ibidem
1548 3265 1860 3369 reliquit-t
1917 3278 2110 3365 isque
2156 3300 2299 3343 ma-

314 3384 321 3393 ’
379 3394 591 3463 nebat
634 3400 998 3466 continens
1256 3418 1471 3487 equos
1509 3392 1891 3485 mulasque:
1939 3394 2137 3461 senex
2177 3418 2298 3462 au-

378 3530 521 3581 tem
568 3533 751 3583 recta
794 3519 925 3585 iuit
960 3540 1085 3609 per
1138 3516 1444 3599 domum,
1617 3514 1731 3582 vbi
1773 3513 2065 3579 Achilles
2111 3512 2298 3579 sede-

380 3630 535 3715 hat,
579 3634 733 3701 Ioui
774 3658 999 3719 σει-ως
1053 3638 1376 3727 intusque
1417 3655 1572 3701 eum
1607 3632 1823 3722 ipsum
1981 3635 2260 3699 -inuenit
2273 3656 2298 3721 3

382 3748 549 3819 socii
584 3774 750 3823 vero
809 3754 1101 3823 seorsum
1146 3754 1513 3845 sedebant„
1577 3751 1662 3817 Ei
1705 3766 1928 3817 autem
1991 3752 2130 3818 duo
2171 3750 2300 3819 soli

382 3869 585 3941 heros
626 3873 1246 3979 Automecionque,
1323 3890 1396 3939 et
1433 3868 1732 3939 Alcimus
1770 3868 2070 3936 surculus
2112 3870 2301 3937 Mar-

216 3987 347 4073 475
386 3976 515 4072 ἥδ),
672 3990 1131 4063 ministrabant
1169 3992 1534 4061 adstantes:
1572 3989 1786 4055 modo
1830 4005 2056 4054 autem
2102 3986 2297 4057 desti.
