2734 4800
424 281 700 404 m'vm
952 328 1061 432 ηε
1114 325 1271 398 DE
1330 299 1990 402 comcissvs

312 527 329 550 ·'
424 486 890 618 centiotibus
936 507 989 585 fi
1032 473 1191 585 ηοξ]
1236 509 1332 584 ad
1377 508 2198 626 liquidumperducta,
2244 512 2522 613 proba-
2559 569 2566 576 .

422 633 680 709 biliter
722 653 977 708 tamen
1014 629 1181 706 sunt
1216 627 1639 706 constituta.
1712 686 1724 710 ,
1847 631 1874 656 ‘
2423 680 2428 693 ·

600 751 989 830 ‘Procedit
1033 756 1261 852 igitur
1302 756 1576 826 notitia
1621 747 1868 826 nostra
1908 751 2262 827 codicum
2301 778 2388 827 ac
2413 751 2528 827 le»
2561 779 2572 792 “

429 880 705 953 ctionis
779 878 1202 972 accuratior
1280 897 1325 944 a
1397 871 1643 946 multo
1725 855 2116 946 serioribus
2191 871 2526 958 saeculis.
2599 926 2613 940 .

426 996 551 1072 Ad
614 993 1005 1095 quodnam
1060 990 1437 1068 saeculum
1487 985 1964 1093 antiquiffimi
2022 989 2252 1066 nostri
2313 993 2528 1068 codi-
2581 1023 2608 1042 ·-

426 1117 582 1193 ces'
622 1111 1028 1212 assurgant,
1090 1117 1560 1213 pronuntiari
1603 1113 1905 1213 nequit3
1983 1111 2228 1186 multo
2273 1118 2526 1188 minus
2599 1165 2608 1178 -

428 1235 535 1310 de
582 1231 1169 1336 exemplat-ihm,
1214 1231 1413 1306 vnde
1461 1229 1822 1333 descripta
1869 1257 1958 1306 ea
2006 1230 2168 1306 lint.
2271 1231 2530 1312 Eusta-

426 1355 571 1430 thii
612 1355 1026 1439 lectiones,
1094 1350 1149 1426 fi
1188 1369 1396 1428 recte
1453 1370 1499 1426 a
1551 1337 1866 1428 librariis
1932 1353 2274 1428 redditae
2335 1352 2528 1446 sunt,
2603 1413 2614 1424 .

424 1501 605 1550 cum
658 1474 789 1548 ille
838 1471 1161 1549 Saeculo
1208 1475 1373 1546 XII.
1434 1476 1768 1562 vixerit,.
1823 1497 1870 1546 e
1925 1471 2318 1552 codicibus
2381 1483 2530 1547 vna

425 1593 551 1672 vel
569 1636 583 1672 .·
607 1592 947 1695 pluribus
1018 1590 1387 1668 aetatibus
1445 1590 1993 1694 antiquioribus
2053 1592 2328 1680 ductae
2378 1590 2532 1668 ess'e

428 1704 767 1816 poffu‘nt3
846 1711 951 1788 fic
1004 1714 1402 1814 Porphyrii
1464 1731 1666 1786 retro
1727 1711 1826 1786 ad
1867 1712 2268 1790 Saeculum
2311 1707 2434 1786 111.·
2481 1738 2534 1784 a

427 1835 518 1908 C.
566 1836 661 1907 N.
712 1849 793 1906 et
838 1828 937 1908 fic
987 1858 1219 1933 porro
1278 1833 1649 1907 lectiones
1697 1831 2039 1904 aliorum.
2167 1835 2530 1906 Enimue-

348 1981 356 1986 ·
424 1977 518 2028 ro
565 1951 932 2030 lectiones
974 1949 1129 2025 'hae
1186 1949 1353 2026 sunt
1401 1947 1856 2050 singulorum
1904 1949 2242 2026 versuum
2285 1973 2364 2032 et
2411 1951 2528 2026 lo-

427 2097 737 2162 corum;
830 2074 1062 2146 totius
1122 2095 1297 2146 vero
1362 2075 1712 2145 carminis
1772 2070 2002 2174 {ectio
2065 2095 2227 2143 non
2283 2069 2418 2145 nisi
2479 2097 2530 2144 e

426 2188 823 2270 codicibus
858 2194 1171 2290 integris
1220 2188 1719 2291 superstitibus
1779 2196 1938 2292 peti
1993 2211 2072 2266 et
2133 2189 2528 2264 diiudicari

424 2307 705 2415 potest,
750 2309 989 2412 qualis
1036 2308 1265 2386 fuerit
1312 2330 1446 2382 aut
1489 2307 1600 2384 sit.
1711 2313 1905 2384 Cum
1947 2311 2044 2386 de
2073 2316 2200 2403 iis,
2249 2311 2526 2412 quibus

396 2422 761 2507 ‘editores
802 2428 901 2504 vfi
956 2428 1157 2521 sunt,
1218 2430 1608 2507 codicibus
1653 2431 1840 2505 nihil
1877 2431 1987 2505 illi
2027 2430 2526 2532 prodiderint,

406 2544 904 2651 ¹omninoque
944 2554 1382 2631 criticorum
1416 2550 1776 2625 subtilitas
1824 2550 1970 2627 hac
2013 2556 2094 2624 in
2136 2570 2350 2651 parte
2397 2548 2528 2624 de·-

426 2668 830 2761 fideretur,
872 2694 1237 2776 cumque,
1280 2670 1648 2770 quicquid
1693 2669 2162 2770 diplomatici
2195 2696 2532 2771 pronun-

426 2794 653 2879 tiant,
705 2814 865 2863 non
912 2792 1159 2863 minus
1203 2788 1578 2863 lubricum
1617 2786 1703 2862 fit
1746 2816 1978 2865 omne
2001 2790 2172 2865 -boc
2217 2789 2316 2865 de
2341 2818 2528 2865 con-

317 2958 343 2976 2
424 2907 800 2987 I'tituenda
838 2928 1191 2985 accurate
1231 2908 1586 2984 codicum
1631 2928 1878 2985 aetate
1919 2909 2324 2985 iudicium:
2401 2936 2525 2985 ac·-

425 3027 973 3134 quiescendum
1027 3027 1128 3103 est
1171 3028 1316 3103 hac
1365 3052 1676 3128 quoque
1711 3036 1794 3103 in
1833 3048 2068 3131 parte⁴
2106 3033 2416 3125 critices·
2440 3036 2528 3105 in

424 3148 943 3225 aestimatione
988 3147 1243 3247 aliqua
1284 3146 1680 3247 probabili.

636 3280 956 3361 Accefflt
1015 3284 1100 3356 iii
1158 3288 1744 3359 Homericorurn
1807 3282 2161 3381 codicum
2211 3281 2528 3358 recensu

427 3402 687 3503 aliqua
728 3429 849 3479 res
864 3428 1138 3505 ‚··quae
1176 3404 1910 3505 ·de.antiquioribu8‚
1961 3409 2092 3504 qui
2121 3400 2527 3504 supersunt,

429 3521 827 3599 codicibus
886 3526 1194 3597 notitias
1278 3524 1528 3596 attulit
1603 3523 1860 3625 paullo
1928 3528 2321 3598 certiores:
2431 3548 2532 3598 ex

434 3668 596 3745 quo
642 3640 1011 3717 videlicet-
1044 3641 1141 3717 de
1184 3640 1506 3719 Scholiis
1549 3648 1874 3745 antiquis
1935 3646 2196 3744 quaeri
2244 3648 2528 3745 coepit.

430 3761 673 3867 Quod
714 3764 1109 3835 enim‘iam
1153 3781 1378 3837 antea
1427 3763 1826 3839 doctorum
1885 3770 2212 3837 virorum
2250 3760 2530 3865 perspi-

264 3906 315 3945 ⁵·
432 3884 645 3957 cacia
690 3881 1363 3975 animaduerterat,
1421 3888 1885 3959 recentiores
1938 3883 2244 3959 codices
2287 3883 2532 3988 Scho-

430 4000 553 4076 liis
604 3996 1128 4075 deterioribus
1151 3998 1297 4076 effe
1363 4024 1754 4095 oneratos»,
1833 4008 1916 4077 in
1977 4002 2532 4103 antiquioribus

434 4126 864 4222 antiquiora
912 4120 1345 4195 etmeliora
1389 4120 1694 4199 seruari:
1743 4124 1928 4217 hoc,
1979 4122 2130 4225 ipsa
2168 4148 2252 4198 re
2289 4122 2533 4227 et-vsu

438 4241 1053 4345 comprobatum,
1096 4241 1462 4321 iudicium
1508 4244 1618 4349 de·
1649 4221 2098 4350 antiquitate
2139 4250 2532 4325 mii-aman
