2734 4800
466 191 630 272 ,60⁰
796 200 1201 272 ILIADIS
1252 201 1441 271 LIB.
1481 199 1753 276 XXIV.
1810 223 1874 266 v.
1905 201 2292 288 327—350.

677 390 1079 456 hortabatur
1308 390 1616 457 celeriter
1657 383 2084 479 perv'rbem5
2128 389 2324 454 amici
2361 402 2538 452 autem

679 507 867 577 fimul
910 531 1145 576 omnes
1188 506 1660 599 sequebantur,
1917 507 2204 573 multum
2259 492 2538 596 lugentes,

682 645 1007 738 tanquam
1042 627 1141 737 ad„
1180 643 1470 694 mortem
1516 625 2072 716 proficiscentem
2241 624 2544 714 Postquam

686 769 853 813 vero
913 769 992 812 ex
1044 746 1209 816 vrbe
1249 745 1764 826 descenderant,
1824 743 1912 810 ad
1960 766 2398 834 campumque
2432 766 2549 831 per·

511 867 655 934 330
696 866 1047 946 venerant,
1215 865 1287 931 hi
1324 864 1600 954 quidem
1639 880 1825 928 retro
1863 861 1948 926 ad
1983 861 2026 926 J
2028 862 2190 927 lium
2229 861 2548 942 redierunt,

691 982 817 1050 filii
858 999 929 1050 et
970 984 1235 1074 generi;
1285 979 1384 1048 illi
1427 998 1650 1048 autem
1690 1005 1839 1048 nou
1875 979 2227 1082 ¹latuerunt
2270 978 2400 1047 late
2423 1021 2454 1035 -
2477 979 2552 1044 so-

694 1118 975 1168 nantem
1007 1103 1265 1180 Iouem,
1438 1102 1514 1165 in
1554 1123 1860 1190 campum
1892 1098 2236 1191 progreffi.
2325 1097 2556 1187 Conspi-

696 1214 884 1286 cat'us
922 1243 1084 1288 vero
1124 1223 1392 1309 Iupiter
1427 1217 1726 1284 misertus
1775 1217 1864 1285 est
1899 1217 2096 1302 senis,
2333 1233 2400 1284 et
2434 1241 2556 1282 con-

693 1336 910 1404 festim
951 1338 1363 1405 Mercurium
1384 1385 1403 1424 ,
1477 1337 1692 1404 filium
1730 1336 2049 1405 dilectum
2071 1385 2091 1422 ,
2151 1315 2401 1405 'coram
2438 1334 2560 1401 allo-

702 1470 898 1522 cutus
942 1455 1066 1526 est:
2233 1460 2236 1466 ’

868 1623 1263 1709 „Mercuri,
1342 1625 1494 1710 (tibi
1551 1627 1730 1692 enim
1783 1646 1948 1714 prae
1988 1622 2148 1690 aliis·
2191 1619 2562 1712 gratiffimum

536 1738 673 1810 335
712 1740 805 1808 est
972 1743 1235 1810 homini
1282 1760 1350 1810 te
1397 1745 1713 1812 comitem
1748 1784 1783 1799 -
1829 1741 2203 1832 adiungere
2227 1789 2246 1822 ‚
2318 1754 2384 1806 et
2421 1760 2565 1804 exau-

708 1859 811 1924 dis
836 1907 857 1943 ,
924 1861 1402 1954 quemcunque
1467 1861 1844 1950 volueris;)
2099 1859 2279 1927 vade
2327 1881 2469 1949 age,
2524 1871 2566 1919 et

704 1977 1049 2045 Priamum
1084 2003 1282 2047 cauas
1328 1981 1414 2046 ad
1447 2004 1656 2048 naues
1691 1981 2112 2049 Achiuorum
2369 1975 2448 2044 fic
2482 1973 2566 2039 du-

686 2097 851 2163 'cito
876 2146 893 2180 ,
940 2113 1015 2166 vt
1062 2122 1287 2188 neque
1333 2099 1572 2190 aliquis
1615 2099 1880 2183 videat,
1927 2121 2158 2188 neque
2203 2093 2568 2164 animaduer-

706 2229 811 2279 tat
982 2215 1268 2310 aliorum
1303 2219 1736 2302 Danaorum,
1788 2233 2154 2308 antequam
2195 2217 2288 2284 ad
2329 2212 2488 2280 Pelei
2517 2210 2567 2273 fi-

704 2329 874 2397 lium
916 2339 1329 2424 peruenerit.
1352 2343 1398 2378 “

870 2517 987 2585 sic
1037 2519 1237 2586 dixitz
1310 2520 1558 2615 Neque
1599 2544 1750 2588 non
1790 2560 1826 2577 -
1869 2516 2230 2587 obsecutus
2283 2516 2372 2585 est
2415 2515 2571 2580 inter-

542 2630 677 2717 340
718 2638 1004 2703 nuntius
1042 2638 1396 2729 Argicida:
1605 2640 1852 2706 Statim
1889 2637 2140 2704 deinde
2189 2635 2312 2703 sub
2339 2632 2572 2725 -pedibus

718 2751 962 2842 ligauit
996 2756 1229 2846 pulcra
1270 2758 1528 2839 talaria,
1741 2750 2066 2823 ambrofi'a
2089 2803 2110 2840 ,
2173 2776 2404 2834 aurea,
2447 2768 2572 2839 quae

720 2868 943 2961 ipsum
980 2872 1293 2946 ferebant
1334 2892 1403 2941 et
1447 2874 1644 2965 supra
1681 2880 1889 2957 mare,
2099 2897 2106 2907 ⁵
2151 2889 2225 2940 et
2263 2874 2444 2963 supra
2488 2870 2574 2931 im·

716 2988 1011 3057 mensam
1051 3008 1297 3059 terram
1318 3042 1336 3077 ‚
1379 2997 1634 3083 pariter
1679 3016 1836 3060 cum
1875 2993 2140 3060 flatibus
2185 2994 2398 3075 venti3
2497 3006 2573 3047 ce·

715 3086 825 3195 pit
887 3125 959 3177 et
1012 3114 1301 3202 virgam,
1389 3135 1524 3206 qua
1593 3115 1892 3181 virorum
1939 3110 2206 3178 oculos
2275 3102 2570 3181 demulcet,

724 3248 1019 3313 ‘Notum
1070 3229 1249 3313 vult,
1326 3230 1486 3297 alios
1533 3254 1700 3301 vero
1761 3247 1832 3297 et
1890 3232 2305 3309 dormientes
2355 3225 2571 3301 excitat3

550 3338 684 3425 345
726 3343 903 3411 hanc
960 3347 1271 3415 manibus
1336 3364 1582 3417 tenens
1633 3350 1906 3419 volabat
1975 3364 2225 3439 potens
2299 3338 2568 3433 Argieid&

724 3462 1097 3535 Confestim
1132 3485 1356 3534 autem
1395 3468 1811 3561 Troiamque
1845 3485 1912 3537 et
1931 3467 2434 3557 Hellespontum
2461 3477 2572 3548 per·

718 3585 943 3670 venit5
1111 3590 1408 3676 perrexit
1447 3610 1614 3657 vero
1663 3592 1763 3657 ire
1805 3589 2038 3655 iuueni
2079 3628 2115 3644 -
2157 3586 2342 3675 regio
2381 3574 2569 3651 similis,

723 3702 1019 3786 primum
1075 3703 1510 3794 pubescenti,
1591 3708 1778 3773 cuius
1843 3704 2278 3773 venustissima
2331 3702 2566 3766 iuuenta·

722 3812 825 3881 Illi
870 3840 1033 3887 vero
1074 3822 1426 3917 postquam
1470 3840 1742 3915 praeter
1781 3847 2098 3915 magnum
2125 3814 2478 3913 'sepulcrum
2509 3806 2568 3873 Jli

552 3930 683 4007 350
732 3954 1031 4029 egerant,
1287 3944 1732 4015 inhibuerunt
1770 3944 2120 4036 mulasque
2165 3958 2236 4013 et
2273 3958 2488 4035 equos,
2517 3942 2566 3997 *T
