2734 4800
438 238 703 315 mm
900 173 2080 289 DE·S·VBSID118

445 400 793 507 eiusdem
844 397 947 477 de
986 396 1257 477 litteris
1316 401 1602 499 graecis
1655 384 2096 473 meritiffimi
2159 396 2554 491 debemus,

300 606 305 613 ,
448 528 499 601 a
556 549 710 625 quo
750 520 925 617 nias
980 544 1026 594 e
1074 518 1303 615 codd.
1344 522 1656 597 Venetis
1707 522 2111 617 Marcianis
2155 516 2256 595 est
2297 516 2560 621 profe-

370 691 375 700 ·
456 664 617 735 cta3
658 646 779 719 Io.
822 636 1241 743 Bapafiae
1298 640 1532 741 Cet-sp,
1571 636 1918 740 d'Anffe
1963 643 2068 715 de
2119 638 2553 738 Villotson,

452 760 677 844 Paris.
734 762 949 861 1773·
996 759 1337 837 editione
1397 758 1781 861 splendide
1825 759 2014 841 insu
2017 777 2231 849 ucta;
2299 778 2380 835 et
2427 760 2563 833 ali-

296 966 301 975 ,
458 902 657 989 quot
706 886 921 957 annis
970 877 1192 963 serius
1237 881 1708 958 eruditorum
1737 878 1978 956 vfibus
2025 880 2566 957 accommoda-

292 1034 299 1041 ·
402 1056 425 1071 ι
458 1011 617 1083 tius
677 1003 773 1077 ab
848 1004 1321 1077 Hermanno
1397 1000 1662 1075 Tollio
1717 1001 2008 1076 editum
2059 1002 2147 1075 L.
2194 1004 2274 1081 Β.
2340 1002 2566 1099 ι788.

460 1128 601 1229 qui
662 1149 761 1199 ex
824 1116 1259 1199 Ruhnkenii
1334 1118 1720 1223 disciplina
1779 1116 2236 1223 progress'uS,
2331 1146 2574 1223 quam

458 1243 618 1349 ipse
652 1262 867 1343 grato
910 1245 1165 1317 animo
1210 1238 1642 1341 profitetur,
1697 1240 2094 1337 breuibus,
2137 1239 2265 1316 sed
2313 1242 2572 1317 doctis

463 1358 1277 1452 anirnaduerfionibms,
1368 1357 1816 1437 Excurfibus
1883 1362 1962 1439 et
2013 1361 2398 1437 indicibus
2449 1366 2574 1437 in·-

464 1480 763 1573 struxit3
810 1508 963 1585 qua
1002 1482 1349 1557 editione
1393 1482 1548 1583 ipse
1587 1480 1746 1557 vsus
1791 1479 1988 1573 sum,
2049 1488 2376 1559 maxime
2439 1508 2580 1559 ex-

468 1604 851 1708 peditiore
885 1602 1059 1679 libri
1112 1600 1239 1677 vsu
1297 1602 1704 1692 adductus;
1757 1628 1907 1677 nec
1957 1622 2214 1678 tamen
2263 1602 2580 1707 neglexi

470 1724 840 1827 inspicere
881 1720 1277 1801 viuoironi
1318 1722 1740 1825 exemplar,
1801 1727 2137 1825 inprimis
2185 1728 2344 1801 eius
2384 1726 2584 1799 Pro·

473 1847 879 1947 legomena
968 1847 1171 1917 varia
1252 1860 1333 1918 et
1412 1840 1772 1947 exquisita
1849 1844 2198 1921 doctrina
2271 1843 2580 1945 referta‚
2655 1851 2670 1872 ⁴

472 1964 866 2067 Apollonii
917 1966 1293 2053 Lexicon,
1364 1960 1498 2037 etsi
1559 1962 1813 2039 multis
1889 1966 1972 2039 in
2022 1964 2212 2041 locis
2271 1984 2588 2043 trunca-

475 2106 681 2179 tum,
756 2089 840 2159 in
914 2081 1256 2185 pluribus
1330 2101 1776 2184 corruptum
1851 2103 1932 2159 et
1993 2087 2582 2189 interpolatum,

386 2310 390 2313 ἢ
478 2209 763 2307 egregii
808 2223 1063 2279 tamen
1102 2200 1266 2277 vrus
1319 2221 1398 2279 et
1433 2200 1726 2280 fructus
1787 2204 1886 2281 ad
1937 2212 2448 2311 antiquiorem
2497 2228 2588 2285 et

412 2423 417 2428 ⁶
478 2326 899 2404 lectionem
943 2341 1023 2400 et
1064 2328 1726 2425 grammaticorum
1763 2324 2132 2404 iudicium
2163 2329 2262 2406 de
2307 2328 2590 2426 verbo·

480 2475 657 2546 rum
698 2451 773 2522 vi
817 2463 896 2522 et
940 2449 1339 2520 notatione
1385 2441 1533 2521 ess'e
1575 2471 1752 2524 cum
1805 2473 1945 2548 per
2009 2447 2083 2524 se
2141 2455 2382 2528 cuiuis
2443 2477 2590 2554 pa-

486 2587 633 2659 tet,
679 2588 845 2642 tum
886 2591 985 2640 ex
1026 2563 1694 2642 obseruationibus
1733 2571 1922 2642 meis
1977 2569 2080 2644 ad
2121 2569 2590 2673 cognoscen-

480 2689 676 2766 dum
709 2691 793 2761 in
834 2703 1145 2787 promtu
1189 2684 1315 2760 est.
1419 2691 1586 2762 Nec
1629 2686 1930 2788 neglexi
1966 2711 2190 2768 acute
2231 2689 2592 2770 obserua-

484 2815 569 2884 ta
618 2812 702 2882 in
750 2807 909 2883 hoo
945 2808 1285 2882 Lexicon
1332 2832 1379 2878 a
1413 2805 1732 2880 Boccho
1783 2807 2319 2888 Sloclzhouwer
2341 2871 2372 2900 ,
2431 2819 2589 2893 Re-

490 2947 713 3006 ctore
769 2927 1323 3020 Doccumam,
1381 2930 1466 3000 in
1519 2929 1911 3005 Tirocinio
1975 2938 2239 3012 critico
2290 2939 2377 3013 in
2429 2958 2590 3016 vet.

490 3055 670 3128 Aut.
718 3048 851 3130 Gr.
906 3046 1412 3146 (Leovardiae
1471 3071 1687 3145 1792.
1739 3051 1850 3144 8.)

692 3173 867 3246 Fuit
918 3189 1154 3270 porro
1209 3166 1418 3242 haud
1483 3173 1750 3270 exigua
1806 3195 2086 3271 operae
2129 3201 2300 3277 pars
2339 3173 2594 3277 posita

489 3296 575 3366 in
614 3287 1009 3368 enotandis
1052 3279 1604 3389 'antiquioribus
1646 3316 1742 3364 ex
1765 3291 2125 3369 Eustathii
2172 3299 2594 3374 Commen-

462 3415 717 3502 fariis,
769 3415 875 3484 ita
920 3407 1255 3511 quidem,
1299 3427 1384 3482 vt
1430 3435 1524 3483 ex
1563 3413 1653 3484 iis
1697 3407 1852 3484 flue
1895 3403 1994 3487 ad
2035 3414 2248 3492 crisin
2289 3417 2448 3495 fiue
2483 3419 2596 3498 ad

402 3621 411 3630 ,
492 3527 1198 3632 interpretationem
1276 3527 1486 3622 Vtilia
1565 3529 1987 3630 seligerem·
2105 3535 2380 3614 omiffis
2471 3544 2596 3636 iis,

497 3677 698 3757 quae
741 3649 875 3724 ille
920 3647 1159 3724 modo
1217 3673 1314 3725 ex
1368 3648 1764 3726 rhetoricis
1826 3663 2284 3758 praeceptis,
2345 3660 2600 3739 modo

336 3815 351 3830 .
496 3772 600 3850 ad
638 3770 1020 3872 vulgarem
1068 3766 1530 3872 disciplinam
1583 3789 1658 3844 et
1695 3767 1898 3848 vtum
1918 3775 2204 3856 idonea
2259 3805 2443 3858 cum
2481 3779 2603 3860 le·

496 3895 743 4000 gentis
797 3889 1053 3966 taedio
1098 3889 1319 4026 saepe
1363 3887 1647 3971 effudit

702 4031 977 4108 Nouae
1030 4047 1287 4104 autem
1344 4053 1534 4132 opes
1593 4029 2000 4112 litterariae
2037 4037 2124 4112 in
2159 4040 2604 4118 Homerum

496 4151 685 4232 mihi
726 4149 1159 4253 obtigerunt
1194 4148 1340 4254 hae
1356 4177 1380 4224 a
