2734 4800
424 278 442 305 ⁰
476 321 627 375 xn'n
997 279 1121 379 II.
1168 300 1325 382 DE
1395 243 2032 388 CODIC'IBVS

472 490 629 593 ipse
679 490 779 568 de
820 487 957 566 suis
984 481 1448 569 'coniectati's
1513 495 1930 592 interponit
1971 492 2209 566 multa
2249 491 2554 570 molesta

472 633 553 690 et
600 639 987 706 erronea,
1068 618 1396 688 maxime
1451 633 1649 713 ’quae
1713 617 1796 686 in
1859 613 2321 713 digammum
2379 639 2556 716 pec-

472 753 686 827 cant,
751 739 961 809 cuius
1032 733 1161 807 ille
1221 737 1570 806 notitiam
1619 733 1906 806 nullam
1952 733 2238 808 habuit.
2385 737 2556 810 Hoc

468 861 734 960 itaque
782 879 997 928 more
1028 879 1268 956 prauo
1313 853 1600 927 multae
1652 853 2020 929 lectiones
2085 859 2331 932 variae
2397 882 2554 930 me·

470 994 809 1050 moratae
846 973 1046 1068 funt,
1102 999 1298 1080 quae
1346 973 1571 1052 solius
1616 971 1941 1056 Barnefii
1990 981 2341 1056 acumine
2387 973 2554 1054 sunt

472 1094 851 1172 subnatae.

672 1220 883 1291 Haec
923 1211 1053 1290 etfi
1103 1219 1211 1290 ita
1260 1211 1333 1290 se
1366 1213 1712 1306 habeant,
1763 1239 1928 1290 non
1971 1234 2228 1292 tamen
2273 1217 2550 1288 Barnea

470 1334 931 1412 fraudandus
974 1333 1077 1410 est
1111 1332 1244 1412 sua
1291 1335 1552 1424 laude3
1621 1338 1906 1437 primus
1955 1341 2216 1442 vtique
2264 1335 2425 1426 ille,
2476 1352 2552 1408 et

471 1483 559 1530 ea
602 1475 887 1550 aetate,
944 1481 1093 1557 qua
1145 1475 1265 1534 tot
1314 1459 1568 1556 magni
1635 1455 1877 1530 critici
1933 1455 2340 1549 florebant,
2397 1457 2552 1534 vni·-

468 1603 600 1652 cus
650 1577 833 1663 Fuit,
875 1581 1006 1680 qui
1062 1601 1371 1682 operam
1434 1585 1511 1650 et
1556 1573 1880 1653 studium
1925 1575 2180 1676 paullo
2225 1573 2548 1650 seuerius

441 1677 809 1774 ‘Homero
866 1693 1333 1774 consecraret
1348 1724 1392 1784 ;·
1439 1695 1646 1769 idem
1693 1695 1856 1802 post
1913 1695 2358 1804 Turnebum
2397 1683 2549 1794 p'ri·

466 1843 635 1890 mus
684 1815 860 1906 fuit,
916 1822 1047 1916 qui
1091 1820 1510 1891 accuratius
1549 1819 1630 1886 in
1669 1815 2070 1916 prosodica
2111 1822 2545 1918 inquireret,

468 1955 547 2011 et
602 1936 840 2009 multa
884 1940 1058 2010 vitia
1098 1935 1319 2008 huius
1364 1938 1657 2034 generis
1699 1941 1980 2036 primus
2022 1935 2357 2027 tolleret;
2411 1935 2548 2010 do-

468 2061 706 2132 ctrina
770 2060 931 2128 eius
986 2075 1064 2130 et
1123 2035 1492 2129 iudicium
1553 2060 1902 2130 criticum
1953 2044 2129 2132 cum
2163 2053 2370 2131 sensu
2399 2081 2549 2130 eo-

462 2203 669 2268 rum,
724 2159 920 2284 quae
958 2179 1039 2247 in
1082 2193 1310 2275 poeta
1362 2173 1664 2275 probari
1710 2173 1983 2276 poffint
2017 2204 2163 2256 nec
2199 2204 2336 2270 ne,
2382 2194 2547 2252 tum

465 2291 927 2393 κακοζηλία
904 2322 986 2369 ιιι
1033 2293 1556 2394 comparandis
1601 2293 1941 2371 formulis
1987 2317 2081 2372 et
2101 2297 2290 2376 locis
2349 2295 2548 2371 litte·

402 2517 409 2529 .
462 2446 717 2491 rarum
760 2414 1159 2509 sacrarum,
1207 2416 1398 2492 haec
1419 2470 1439 2506 ‚
1481 2420 1793 2523 inquam
1809 2422 1850 2509 ,ξ
1890 2416 2342 2493 aestimanda
2379 2415 2548 2493 funt

420 2542 443 2559 '⁴
464 2538 563 2615 'ex
608 2529 1047 2638 ‘temporum
1102 2535 1657 2639 hominumque
1674 2592 1694 2627 ,
1758 2563 1936 2614 cum
1991 2537 2265 2641 quibus
2337 2544 2546 2613 viue-

457 2656 632 2751 bat,
674 2657 936 2731 indole
986 2676 1063 2732 et
1108 2683 1349 2731 more.
1507 2655 2074 2731 Condonabunt
2113 2659 2331 2735 nobis
2369 2654 2544 2762 ipfis

461 2780 607 2854 alia
662 2803 757 2854 ex
827 2777 1099 2853 saeculi
1155 2782 1338 2853 vitio
1411 2795 1796 2855 contracta
1839 2774 2148 2885 posteri,
2223 2777 2280 2854 fi
2322 2796 2548 2854 erunt

460 2904 595 3005 qui
625 2896 870 2989 nostra
908 2898 1186 2999 legant.

338 3108 343 3125 ι
669 3018 995 3099 Codices
1048 3010 1396 3091 adhibuit
1457 3018 1673 3093 Sam.
1720 3006 2032 3095 Clarlte
2073 3015 2360 3106 nullm,
2405 3011 2547 3093 nist

453 3141 673 3245 quod
712 3132 896 3216 inde
936 3138 1031 3213 ab
1074 3138 1205 3213 lib.
1249 3140 1445 3212 XIII.
1489 3140 1689 3213 Sam.
1731 3134 2024 3214 Clarke
2060 3134 2256 3214 filius
2309 3142 2545 3210 varias

455 3261 828 3339 lectiones
876 3262 1195 3333 codicis
1216 3258 1655 3337 Har-leland
1707 3279 1784 3335 et
1829 3259 2304 3333 Italicorum
2349 3282 2549 3358 quo-

452 3383 783 3456 rundam
854 3408 899 3454 a
969 3380 1272 3455 Thoma
1336 3379 1679 3459 Bentleio
1749 3384 2338 3457 communicatas
2401 3370 2548 3457 suis

452 3502 643 3583 locis
688 3498 1029 3593 inseruit3
1085 3528 1181 3577 ex
1226 3498 1503 3577 Italicis
1553 3498 1896 3609 quidem,
1941 3505 2024 3573 in
2063 3500 2178 3577 his
2235 3496 2550 3573 Ploran-

452 3624 629 3715 tini,
711 3642 789 3697 et
860 3625 1240 3711 Vaticani,
1314 3644 1732 3723 perpauca3
1815 3619 2198 3695 Harleiani
2253 3619 2548 3701 codicis

457 3748 713 3845 copias
764 3742 1032 3819 melius
1076 3748 1159 3819 in
1198 3740 1532 3823 fructum
1589 3760 1916 3821 verterat
1969 3742 2226 3823 Rich.
2241 3740 2550 3818 Bentle-

452 3871 699 3958 ius,v
651 3883 732 3941 vt
778 3860 976 3939 infra
1024 3852 1770 3956 commemorabitur.

657 3997 975 4099 Ernesti
1051 3998 1355 4076 Codicis
1423 3998 1845 4103 Lipfienfi8,
1915 4006 2000 4076 in
2078 3919 2550 4078 bibliotheca

447 4120 811 4213 Paullina,
839 4118 1060 4197 v-I'um
1121 4119 1422 4213 habuit,
1483 4148 1663 4197 cum
1715 4120 2048 4199 lectione
2113 4126 2442 4199 variante
2499 4137 2553 4193 a'

448 4249 603 4319 viro
678 4238 967 4319 doctiss‘.
1044 4243 1131 4316 C.
1192 4244 1277 4316 L.
1350 4244 1640 4318 Bauero
1717 4263 2102 4347 excerpta,
2201 4245 2542 4319 Rectore
