2734 4800
481 189 616 300 Ι593
759 183 1192 255 ,ILIADIS
1235 173 1430 254 LIB.
1472 186 1750 265 xxiv.
1794 206 1856 254 v.
1896 191 2279 262 125—152..

479 380 609 452 125
649 377 1049 468 prandium3
1171 396 1180 406 ·
1301 375 1433 442 illis
1494 399 1659 446 vero
1712 379 1863 443 ouis
1922 377 2154 446 villosa
2214 403 2455 472 magna
2496 386 2562 448 in

647 501 953 564 tentorio
995 511 1282 562 mactata
1327 509 1489 584 egat.
1708 497 2103 564 Admodum
2136 511 2367 566 autem
2412 525 2562 592 pro-

644 639 736 707 pe
775 613 984 705 ipsum
1029 614 1333 681 consedit
1378 615 1759 682 veneranda
1794 632 2034 700 mater,
2210 599 2563 712 1manuque

639 736 858 825 ipsum
905 733 1256 819 demulsit,
1293 733 1633 824 verbaque
1678 736 1877 818 fecit,
1940 725 2273 826 dixitque}

810 854 1000 939 „Fili
1079 857 1212 938 mi,
1313 876 1681 944 quousque
1758 853 1996 944 lugens
2088 873 2158 922 et
2252 879 2567 924 moerens

643 989 842 1041 tuum
918 975 1078 1040 edes
1157 996 1316 1054 cor,
1396 995 1661 1039 memor
1736 997 1963 1064 neque
2038 975 2169 1042 cibi
2254 980 2563 1056 omnine,

481 1097 606 1168 130
645 1116 875 1183 neque
937 1091 1222 1192 cubilis?
1293 1091 1555 1157 bonum
1612 1115 1819 1176 vero,
1880 1093 2147 1160 mulieri
2205 1096 2281 1160 in
2342 1118 2569 1162 amore

647 1213 946 1300 misceri3
1019 1235 1170 1279 non
1217 1213 1399 1277 enim
1443 1211 1608 1276 mihi
1666 1211 1784 1277 diu
1831 1214 2049 1290 vines,
2106 1211 2223 1278 sed
2268 1215 2399 1280 tibi
2442 1217 2569 1278 iam

645 1355 870 1424 prope
911 1331 1094 1397 adest
1131 1329 1316 1398 mors
1381 1345 1451 1396 et
1504 1330 1721 1396 fatum
1773 1330 2174 1397 violentum.
2438 1332 2571 1398 Sed

645 1453 810 1518 mihi
850 1449 1144 1516 ausculta
1186 1471 1441 1540 ocyus;
1488 1449 1673 1516 Iouis
1714 1451 1895 1516 enim
1936 1449 2065 1516 tibi
2102 1454 2347 1518 nuntia
2392 1451 2571 1532 sum3

481 1577 604 1646 135
646 1571 839 1639 irasci
895 1570 1020 1635 tibi
1065 1572 1158 1634 ait
1204 1567 1406 1652 deos,
1468 1567 1675 1658 seque
1712 1568 1910 1658 supra
1949 1591 2191 1636 omnes
2264 1621 2275 1635 .
2447 1572 2575 1636 im-

645 1689 962 1757 mortales
1033 1690 1461 1777 indignatum
1512 1689 1674 1773 effe,
1750 1688 1943 1778 quod
2017 1692 2248 1755 animo
2320 1688 2571 1756 furenti

635 1795 1016 1876 ’Hectorem
1089 1808 1354 1874 detines
1396 1807 1597 1896 ,apud
1650 1830 1859 1873 naues
1914 1831 2275 1890 reem-uas,
2346 1833 2571 1902 neque

644 1929 889 1996 redimi
933 1967 970 1984 -·
1009 1926 1224 2016 paffus
1269 1948 1364 1992 es.
1598 1927 1735 1992 Sed
1786 1926 2077 2016 agedum
2117 1926 2503 1996 redemtum
2539 1971 2568 1984 -

639 2049 891 2129 redde,
935 2049 1326 2134 mortuique
1367 2047 1601 2134 accipe
1638 2049 1947 2136 pretia.“

801 2167 1002 2232 Hanc
1041 2187 1202 2232 vero
1249 2163 1665 2256 respondens
1712 2165 2045 2232 allocutus
2090 2164 2181 2232 est
2214 2167 2496 2256 pedibus
2530 2208 2562 2222 -

639 2283 837 2353 velox
879 2283 1208 2349 Achilles:
1446 2285 1665 2368 „Huc
1710 2283 1919 2358 adlit.
1964 2285 2092 2374 qui·
2123 2289 2423 2374 pretium
2464 2287 2557 2351 fe-

476 2408 598 2494 140
635 2421 763 2489 rat,
813 2418 882 2471 et
922 2404 1214 2470 cadauer
1255 2404 1630 2495 absportet‚
1802 2403 1855 2471 fi
1890 2404 2173 2495 quidem
2206 2404 2387 2472 serio
2430 2410 2573 2473 ani-

587 2574 592 2579 ·
639 2547 756 2591 mo
792 2510 1168 2615 'Olympius'
1208 2520 1348 2613 ipse
1401 2521 1681 2593 iubet.“

799 2642 915 2709 sie
957 2642 1032 2708 hi
1073 2641 1350 2733 quidem
1395 2646 1471 2707 in
1524 2644 1805 2708 nauium
1844 2656 2048 2707 coetu
2094 2656 2453 2731 materque
2502 2660 2575 2709 et

635 2762 815 2829 filius
1070 2760 1282 2827 multa
1350 2763 1532 2827 inter
1600 2761 1667 2825 l'e
1726 2756 1929 2825 verba
1987 2760 2163 2824 alata
2224 2760 2567 2829 dicebant.

637 2883 776 2952 Irin
821 2896 1046 2947 autem
1087 2880 1362 2969 impulit
1400 2880 1751 2946 Saturnius
1788 2879 1877 2943 ad
1916 2878 2125 2945 Jlium
2168 2878 2457 2946 factam:

813 2998 1068 3082 „Vade
1117 3020 1278 3088 age,
1331 2978 1425 3062 iri
1474 2997 1710 3079 velox,
1760 2996 1991 3063 relicta
2041 2996 2198 3065 sede
2250 2999 2563 3091 Olympi,

473 3121 595 3205 145
638 3120 880 3185 nuntia
921 3116 1190 3183 Priamo
1235 3121 1705 3207 magnanimo,
1753 3116 1839 3181 ad
1868 3116 2099 3195 Jh'uzu,
2272 3134 2347 3183 vt
2382 3160 2417 3175 -
2458 3144 2569 3185 re-

639 3236 850 3304 dimat
890 3258 1119 3302 carum
1161 3234 1411 3321 filium,
1468 3236 1817 3325 profectus
1862 3234 1950 3301 ad
2004 3258 2220 3301 naues
2258 3238 2571 3304 Achiuo-

635 3378 825 3443 rum;
1085 3356 1406 3447 donaque
1455 3354 1703 3421 Achilli
1742 3352 1955 3434 ferat,
2034 3378 2215 3444 quae
2261 3358 2567 3421 animum

633 3475 928 3567 placent,
1102 3472 1316 3557 folus,
1361 3498 1589 3565 neque
1631 3477 1781 3563 quis
1826 3472 1997 3539 alius
2040 3496 2173 3540 vna
2214 3475 2567 3542 Troiano-

580 3592 586 3601 ’
635 3618 788 3661 rum
831 3609 941 3659 eat
979 3596 1100 3661 vir.
1272 3595 1527 3661 Praeco
1572 3592 1811 3683 aliquis
1850 3614 2005 3657 eum
2048 3594 2423 3659 comitetur
2465 3594 2565 3660 se-

475 3714 594 3785 150
635 3716 833 3796 nios,
881 3717 998 3804 qui
1044 3712 1288 3803 dirigat
1458 3710 1669 3779 mulas
1725 3716 1794 3776 et
1835 3710 2113 3775 rhedam
2158 3709 2557 3795 volubilem,

637 3808 844 3919 atque
901 3848 1085 3898 retro
1338 3848 1685 3898 mortuum
1746 3830 2095 3918 absportet
2150 3831 2242 3895 ad
2298 3830 2554 3913 vrbem,

633 3969 839 4037 quem
883 3950 1223 4017 interl'ecit
1263 3950 1513 4017 nobilis
1552 3948 1865 4015 Achilles.
1914 3948 1921 3959 ’
2038 3944 2291 4039 Neque
2336 3953 2562 4015 omni-

640 4086 736 4133 no
801 4068 866 4132 ei
927 4092 1110 4137 mors
1167 4068 1561 4169 obuerl'etur
1612 4071 1840 4137 animo
1863 4116 1883 4156 ,
1959 4090 2195 4157 neque
2264 4071 2561 4138 omniuo
