2734 4800
99 4082 105 4133 k

881 285 1701 418 HQMER1.⁸
2058 265 2321 410 mv·

198 539 268 588 ra
320 519 464 590 eius
531 511 800 608 fuerit,
873 511 1165 590 dicetur
1225 511 1421 587 infra
1438 565 1459 606 ,
1532 509 1655 588 vbi
1724 501 1823 588 de
1888 512 2246 597 subsidiis

200 655 449 738 agetur.
589 640 596 649 “

369 753 480 830 Ab
536 779 638 831 eo
691 773 1042 856 tempore
1104 751 1371 828 litteris
1448 706 1713 830 nostris
1768 759 2095 856 propitia
2158 785 2252 838 ea

191 875 460 952 fortuna
507 877 816 977 obtigit,
863 894 942 950 vt
997 899 1137 976 per
1185 875 1665 952 Germaniam
1726 877 2045 952 Homeri
2094 905 2283 956 car--

191 1003 366 1072 mina
407 995 624 1098 prelo
679 1022 726 1069 a
782 994 1122 1097 pluribus
1155 1013 1701 1095 ·repeterentur
1750 1021 1847 1070 ex
1906 997 2249 1076 editione

189 1114 324 1192 fere
376 1114 796 1192 Emestina:
877 1096 1040 1220 qua,
1094 1113 1194 1190 de
1257 1137 1364 1218 re,
1402 1120 1485 1188 in
1524 1114 1866 1200 ,Prae-fat.
1922 1115 1971 1192 s.
2043 1123 2245 1198 XIV.

187 1255 654 1311 memoratum
713 1232 840 1310 est.
1386 1329 1393 1340 ι

359 1361 650 1433 Omnes
703 1371 1018 1432 conatus
1061 1357 1144 1427 in
1197 1357 1538 1430 Homero
1583 1351 1955 1430 seueriore
2008 1380 2247 1459 opera

182 1475 594 1550 adornando
657 1471 1280 1548 sufflaminauerat
1352 1477 1779 1576 expectatio
1849 1501 1990 1575 per
2068 1479 2243 1551 Vil-

183 1595 543 1692 qu‘sonum
618 1597 714 1672 V.
786 1595 870 1667 C.
952 1599 1274 1670 excitata
1345 1597 1451 1667 de
1516 1591 2016 1694 a'nfiquissimo
2108 1623 2240 1670 co-

183 1717 334 1788 dice
369 1719 810 1798 Marciano
865 1741 901 1786 a
957 1712 1030 1790 se
1067 1719 1258 1817 typis
1314 1713 1845 1804 describendo;
1920 1733 2243 1818 quanto-

177 1847 334 1935 pere
391 1861 562 1910 mea
628 1833 868 1908 studia
927 1840 1008 1908 in
1059 1838 1479 1909 Homerum
1534 1833 1631 1907 ab
1694 1857 1790 1908 eo
1850 1837 2239 1936 pepende-

177 1960 338 2049 rint,
405 1955 624 2058 supra
695 1960 848 2028 iam
920 1953 1262 2054 exposui,
1328 1953 1453 2030 vbi
1523 1979 1834 2072 quoque
1908 1963 2233 2050 narraui,

173 2077 558 2176 quomodo
600 2075 797 2149 liber
847 2073 976 2148 sub
1029 2078 1326 2148 exitum
1382 2079 1561 2148 anni
1620 2063 2081 2160 LXXXVIII.
2136 2077 2237 2152 ad

173 2219 292 2268 nos
333 2196 665 2298 perlatus
707 2193 942 2270 studia
969 2194 1411 2270 incenderit.
1516 2197 1753 2294 Agam
1798 2193 1898 2269 de
1940 2221 2035 2270 eo
2059 2197 2237 2298 plu-

123 2362 130 2370 ·
171 2315 348 2390 ribus
390 2315 654 2419 paullo
691 2313 896 2419 post,
939 2314 1064 2389 vbi
1113 2313 1212 2390 de
1249 2311 1605 2391 Subfidiis
1656 2327 1940 2415 agetur‘.

303 2440 502 2541 Opes
544 2442 1079 2537 grammaticae
1109 2456 1189 2511 et
1231 2442 1535 2513 criticae
1582 2461 1628 2509 a
1674 2434 2081 2513 Villoisono
2120 2442 2237 2513 in·
2346 2428 2353 2434 ’

174 2556 482 2631 credibili
523 2584 706 2633 curn
739 2556 1016 2632 ‘labore
1059 2574 1136 2631 et
1177 2555 1543 2630 doctrina·
1578 2562 1659 2629 in
1702 2554 1953 2631 lucem
1986 2560 2237 2659 prola-

171 2692 274 2749 tae
345 2677 890 2753 accenderant‘
950 2701 1263 2781 quoque
1331 2679 1469 2749 viri
1540 2672 1936 2750 doctiffimi
2006 2680 2232 2755 Frid.

169 2796 356 2901 Aug.
409 2798 731 2898 Woffii,
776 2802 940 2899 qui,
989 2802 1142 2870 iam
1192 2815 1448 2888 antea,
1506 2800 1921 2871 Homerum
1970 2798 2067 2899 ad
2108 2825 2236 2873 ex-
2276 2837 2281 2846 ·

119 2960 130 2973 ·
172 2916 426 3015 emplar
489 2914 949 3017 Glasguense
1006 2921 1200 3017 typis
1259 2914 1758 3017 repetendum
1812 2938 2231 3010 curauerat,

171 3030 376 3111 studia
426 3036 530 3111 ad
567 3062 854 3110 nouam
897 3034 1412 3113 recensionem
1453 3034 1887 3136 parandam.
1992 3040 2235 3113 Recte

171 3152 278 3227 ille
321 3154 628 3231 confilia
675 3154 806 3229 fibi
853 3154 974 3229 sua
1011 3156 1248 3231 libera
1321 3152 1467 3229 ess'e
1514 3154 1895 3245 statuerat,
1962 3174 2039 3229 vt
2086 3182 2231 3258 ego

169 3298 348 3364 mea;
393 3296 496 3351 :et
545 3276 864 3350 laetatus
922 3276 1080 3350 sum
1120 3274 1479 3376 equidem
1518 3276 1977 3373 reputando,
2034 3304 2237 3377 quae

173 3413 234 3465 et
298 3416 580 3495 quanta
641 3396 842 3469 bona
905 3400 986 3469 iu
1041 3394 1461 3471 litterarum
1504 3418 1935 3495 graecarum
1996 3394 2234 3471 studia

173 3536 252 3583 ex
291 3514 437 3590 hoc
479 3538 768 3617 operae
809 3520 888 3589 in
928 3519 1346 3591 Homericis
1386 3513 1806 3593 collocatae
1862 3516 2233 3592 concursu

176 3630 378 3707 effent
412 3618 922 3736 prouentura;
968 3636 1301 3712 laetabar
1337 3653 1669 3775 quoque,
1746 3634 2232 3737 Prolegome-

84 3740 87 3755 ’
175 3756 270 3824 nis
322 3780 496 3827 cum
557 3754 804 3830 Jliade
861 3755 1240 3859 inspectis,
1323 3774 1403 3830 et
1462 3754 1561 3833 de
1616 3758 1705 3828 iis
1760 3756 1996 3830 multa
2054 3780 2232 3829 cum

175 3869 372 3947 laude
403 3880 850 3950 memor-aui
874 3882 954 4003 in
995 3875 1449 3955 Recenfibua
1510 3878 1668 3951 eius
1712 3879 2069 3977 temporis
2113 3874 2229 3947 lit

179 3998 457 4068 terariis.
769 4012 776 4018 ·
1347 4028 1354 4039 ·
1666 4022 1674 4033 ·

889 4196 1525 4231 w

1257 4391 1440 4484 '02
