2734 4800
429 234 541 285 cw
716 209 948 290 ·1v.
1048 210 1235 284 DE
1332 160 2156 288 SVBSiDIIS

368 486 373 492 ,
418 392 621 507 (effen
681 392 764 479 ‘'e-3
823 398 1093 481 τοιοῦτο
1154 390 1380 503 μὸςιον
1430 395 1562 489 ‘ris‘
1628 388 1904 497 ψυχῆς.
1966 422 2114 473 nec
2155 392 2374 472 aliter
2403 390 2516 477 est

364 520 863 622 'legendum3
942 546 1119 593 nam
1164 518 1266 593 e'st
1294 519 1474 595 'hoc
1523 516 1762 619 ipsum
1811 516 2342 595 Aristoteleum
2405 516 2508 593 de

414 644 767 735 Poetica‚
814 659 1045 743 atque
1096 642 1327 713 etiam
1366 628 1990 741 Porphyrianum,
2031 657 2124 712 vc
2173 642 2506 713 animae

402 789 601 865 pars
638 764 843 835 haec
870 777 1263 865 purgetur
1316 757 1613 863 affectu
1633 789 1663 847 ;
1717 762 1846 835 cui
1886 756 2358 835 substitutum
2399 754 2506 833 est

394 880 495 956 'in
560 886 750 963 Ven.
798 888 889 957 A.
945 908 994 955 a
1048 878 1465 959 Villoisono
1533 878 1780 968 edito,
1837 898 1918 957 et
1959 882 2044 955 in
2089 878 2286 957 God.
2331 880 2501 953 Par.

410 990 1007 1108 οἶποκοιταρῥεόσῃ
1054 998 1285 1104 quod·
1308 1000 1641 1076 alienum
1688 998 1827 1092 est;
1901 1028 2052 1077 nec
2087 1001 2290 1079 bene
2325 1024 2505 1103 pro-

408 1128 845 1199 nuntiatum
909 1122 1010 1199 est
1031 1179 1051 1216 ,
1120 1125 1352 1197 etiam
1442 1118 1897 1223 Lipflensem
1969 1122 2328 1199 codicem
2391 1124 2504 1195 ita

407 1244 697 1345 legere,
743 1270 923 1321 nam
959 1246 1045 1317 in
1090 1242 1224 1318 illo
1258 1240 1361 1319 est
1411 1236 2037 1346 ἅποκοιθοιςιεόση,
2087 1246 2316 1323 etiam
2337 1242 2504 1319 hoc

406 1352 643 1441 recte.
774 1362 1283 1466 Descripserat
1332 1389 1569 1465 porro
1629 1366 1934 1441 Donius
1995 1362 2366 1440 nonnulla
2403 1388 2500 1439 ex

404 1489 609 1560 inter
656 1484 897 1561 lineas
942 1480 1265 1588 scriptis,
1317 1510 1516 1587 quae
1563 1510 1738 1560 cum
1797 1484 2124 1564 Scholiis
2169 1482 2498 1565 confim-

406 1604 663 1682 denda
700 1632 868 1681 non
909 1624 1149 1681 erant.
1293 1594 1764 1681 'Mediceum
1815 1622 2068 1683 autem
2138 1604 2498 1681 codicem

398 1754 564 1806 non
620 1747 836 1803 recte
894 1728 1187 1802 dictum
1252 1724 1580 1801 arbitror
1642 1723 1862 1801 istum
1931 1726 2456 1803 Florentinum
2471 1757 2496 1821 ς
2577 1756 2586 1763 ·

402 1845 679 1925 'diuerfi
720 1849 927 1921 enim
955 1846 1050 1922 ab
1099 1846 1236 1922 illo
1278 1844 1444 1919 sunt
1485 1870 1752 1924 omnes
1799 1846 2107 1923 codices
2149 1846 2496 1925 Medieei

400 1968 807 2043 memorati
852 1956 1067 2068 apud'
1100 1966 1586 2041 Bandinium.
1735 1974 1840 2043 At
1885 1970 2096 2044 enim
2152 1966 2256 2043 est
2295 1993 2491 2045 Vnus

396 2092 598 2167 inter
662 2086 911 2163 codd.
985 2086 1389 2171 Mediceoe
1451 2086 2014 2181 Plut.'xxx11,
2079 2094 2230 2165 No.
2281 2092 2492 2171 vm.

282 2242 287 2247 ·
342 2292 353 2305 ,
394 2234 628 2315 quem
674 2204 1106 2283 Holstenius
1152 2204 1458 2283 testatus
1493 2204 1596 2283 est
1647 2206 1796 2285 effe
1841 2206 2304 2288 fimillimum
2331 2212 2490 2287 Co·

395 2330 556 2406 dici
572 2384 593 2422 ,
636 2351 875 2432 *quem
917 2328 1243 2406 Saluiati
1288 2352 1432 2431 pro
1481 2328 1790 2406 cimelio
1843 2324 2241 2406 afferuant.
2339 2334 2487 2407 Di·

389 2449 705 2528 set-tiore
761 2448 926 2526 funt
984 2449 1215 2527 verba
1270 2453 1531 2526 Lucae
1588 2449 1967 2526 Holstenii
2021 2455 2108 2526 in
2160 2452 2486 2532 recensu

386 2575 673 2656 Mfitor.
722 2574 1197 2671 optimorum
1230 2547 1760 2647 Bibliot'hecae
1803 2571 2212 2654 Mediceae
2265 2576 2486 2650 codi-

384 2719 571 2798 cum
590 2744 599 2752 -
618 2691 833 2770 edito
911 2695 997 2766 in
1053 2691 1374 2766 Seleccis
1447 2675 1836 2789 hzstoricis
1911 2711 1991 2768 ec
2065 2693 2484 2771 litterariis

381 2820 631 2912 (auct.
660 2811 899 2890 Mich.
927 2812 1393 2888 Lilienthal.
1437 2815 1958 2914 Regiomontii
1983 2829 2062 2888 et
2095 2820 2183 2888 1...
2230 2819 2482 2915 1715.)

264 3000 271 3015 .
376 2961 455 3036 p.
502 2935 630 3034 98.
758 2988 804 3028 ,‚
824 2930 1113 3010 Codex.
1158 2935 1480 3010 Homeri
1515 2933 1698 3009 Jlias
1745 2959 1924 3010 cum
1973 2932 2302 3034 Scholiis
2346 2963 2484 3012 an·

375 3057 609 3159 tiquis
650 3046 815 3132 non
860 3053 1088 3130 editis
1110 3108 1131 3147 ,
1183 3055 1528 3156 optimae
1571 3072 1833 3129 tamen
1877 3073 2138 3132 notae.
2241 3059 2480 3136 Hunc

374 3175 850 3262 Scholiasten
920 3171 1257 3250 eundem
1344 3171 1494 3250 effe
1563 3172 2040 3276 deprehendi
2125 3201 2303 3253 cum
2373 3207 2475 3256 eo

374 3321 617 3396 quem
654 3295 1036 3394 Saluiati
1057 3319 1201 3396 pro
1226 3293 1555 3372 ,cimelio
1607 3291 2019 3388 ass'eruant3
2079 3295 2216 3374 nifi
2255 3299 2476 3402 quod

372 3415 492 3492 illi
534 3418 800 3519 primis
848 3415 1146 3518 aliquot
1182 3416 1483 3517 paginis
1528 3409 1990 3492 diuersarum
2037 3423 2473 3495 annotatio·

370 3563 560 3621 num
603 3533 911 3640 farrago
968 3535 1337 3616 adiuncta
1387 3532 1514 3626 [ιτς
1609 3561 1774 3641 quo
1837 3533 2254 3630 ass'umento
2319 3543 2470 3616 Co.

319 3739 335 3755 Ι
369 3655 525 3734 dex
564 3656 968 3736 Mediceus
1018 3674 1248 3734 caret.
1400 3658 1608 3733 Sane
1656 3681 1944 3759 operae
1983 3662 2316 3762 pretium
2359 3659 2467 3738 es·

340 3775 515 3871 set,
586 3777 978 3879 exemplar
1038 3777 1195 3856 hoe
1216 3767 1611 3854 ⁸vetustate
1667 3776 1932 3882 paffim
2003 3777 2333 3856 mosum
2383 3797 2466 3856 et

369 3896 706 3992 exesum,
753 3895 1125 3976 recenseri
1172 3923 1221 3972 a
1260 3901 1430 3975 viro
1477 3899 1820 4003 quodam
1867 3899 2106 3977 docto
2137 3920 2217 3977 et
2256 3925 2462 3976 com.

220 4082 229 4097 .
362 4022 557 4122 poni
622 4045 801 4098 cum
856 4017 1164 4098 Codice
1212 4014 1766 4116 Saluiatorum,
1825 4040 1902 4098 et
1962 4047 2140 4098 cum
2195 4011 2458 4114 altero,

364 4140 635 4220 itidem
680 4137 1003 4237 vetusto,
1046 4145 1179 4250 qui
1226 4161 1438 4222 extat
1493 4141 1704 4247 apud
1759 4141 2290 4224 Max-ebionem
2331 4145 2460 4217 Rj-
