2734 4800
451 300 574 354 m
679 251 867 350 ιιι.
943 277 1102 350 DE
1181 269 1761 366 scnomls,
1814 251 2291 375 ¹mzxtms'

452 443 654 561 lent,
727 433 1229 564 grammatici,
1297 488 1399 537 ne
1442 455 1575 564 ipfi
1624 451 1932 562 quidem
1984 468 2337 538 notiones
2386 489 2553 538 cer-

463 602 574 658 tas
619 581 964 659 'habuisse
1015 586 1388 658 videntur.
1541 581 1691 660 Alii
1756 577 2157 688 artificium
2195 589 2551 684 carminis

461 703 847 780 declarare
889 705 1324 799 voluerunt,
1382 714 1643 777 venun
1698 701 2075 802 exigendo
2132 701 2395 806 poefln
2452 703 2557 778 ad

457 823 840 913 rhetorica
893 844 1332 926 praecepta,
1388 849 1455 896 v.
1514 847 1581 898 c·
1640 819 1877 896 statim
1936 823 2037 897 ad
2078 827 2163 915 A,
2209 825 2397 898 566.-
2450 829 2559 902 Vt

457 963 722 1019 tamen
771 973 918 1022 nec
960 945 1058 1018 de
1097 943 1212 1020 his
1239 941 1422 1018 mihi
1454 942 1705 1016 multis
1736 944 2114 1043 agendum
2140 939 2259 1040 fit,
2306 933 2560 1020 otium

422 1131 428 1136 .
457 1047 724 1142 fecere
765 1069 900 1140 viri
939 1066 1150 1140 docti
1189 1053 1402 1166 supra
1428 1069 1879 1138 memorati.

675 1189 872 1260 Cum
913 1211 1146 1260 omne
1188 1184 1338 1260 hoc
1377 1197 2029 1284 grammaticorum
2062 1177 2385 1258 studium
2432 1183 2564 1262 seu

467 1311 813 1380 criticum
877 1291 1003 1380 seu
1063 1309 1535 1412 exegeticum
1595 1329 1733 1406 per
1778 1302 2071 1404 singula
2112 1302 2223 1378 de
2254 1303 2564 1406 lingulis

457 1424 660 1513 locis
717 1425 1014 1526 scripta,
1085 1447 1250 1498 tum
1309 1423 1410 1500 ad
1468 1422 1749 1525 singula
1804 1449 2079 1524 genera
2137 1443 2216 1498 et
2257 1423 2565 1527 rhapso-

469 1545 670 1637 dias,
723 1551 1072 1622 exactum
1118 1545 1234 1638 fit,
1296 1544 1484 1620 nihil
1520 1563 1881 1651 perpetua
1928 1543 2179 1646 aliqua
2242 1569 2570 1647 annotag-

468 1670 721 1758 tione,
765 1665 1004 1740 multo
1041 1672 1290 1740 minus
1335 1665 1435 1747 ad
1479 1683 1729 1740 totum
1770 1690 2113 1740 carmen:
2194 1663 2567 1746 deuem‘re

272 1777 278 1782 ’
348 1819 364 1824 -
467 1785 906 1905 aliquando
939 1784 1235 1864 necess'e
1255 1777 1447 1861 fuit·
1468 1783 1569 1857 ad·
1630 1783 2099 1862 enotandurn
2161 1803 2240 1860 et
2292 1787 2569 1866 adscri-

355 1909 360 1917 '
471 1905 814 1982 bendum
868 1912 994 1982 vni
1049 1906 1300 1983 codici
1356 1904 1610 2006 plures
1660 1908 2187 1980 annotationes
2233 1905 2569 1986 diuerso-

473 2052 672 2099 rum
707 2032 1401 2126 grammaticorum·
1383 2081 1404 2115 ,
1482 2051 1812 2128 cumque
1882 2025 2033 2102 hoc
2105 2051 2243 2126 per
2302 2028 2567 2129 plures

473 2143 756 2221 aetates
795 2143 1279 2250 proceffiss'et,
1325 2143 1634 2225 tandem
1666 2144 1971 2218 subnata
2004 2143 2167 2220 sunt
2200 2173 2293 2222 ea
2324 2135 2573 2227 Scho-

474 2267 578 2340 lia
639 2265 961 2344 miscella
1021 2261 1483 2368 antiquiora,
1558 2253 1606 2340 e
1659 2261 1937 2368 quibus
1996 2291 2140 2340 nos
2194 2265 2568 2350 habemus

477 2407 834 2491 excerpta
873 2387 1110 2465 modo
1141 2385 1515 2489 pleniora
1569 2383 1807 2493 modo
1858 2392 2218 2488 pauciora
2268 2394 2348 2465 et
2406 2402 2570 2469 exi..

456 2508 702 2600 liora,
762 2526 993 2613 prout
1045 2500 1330 2584 iudicio
1352 2560 1372 2598 ,
1436 2512 1598 2583 otio
1658 2526 1793 2589 aut
1843 2505 2085 2582 studio
2132 2506 2229 2583 vfi
2272 2508 2443 2605 sunt
2486 2522 2560 2609 ii,
2670 2584 2683 2605 ,

475 2636 613 2731 qui
661 2648 794 2703 aut
833 2628 1138 2707 codices
1183 2626 1473 2703 nostros
1508 2645 1640 2701 aut
1678 2628 2162 2729 exemplaria,
2204 2632 2403 2708 vnde
2451 2638 2569 2711 illi

445 2734 820 2850 ‘exscripti
855 2746 1058 2841 sunt,
1112 2752 1687 2827 concinnarunt.
1796 2748 2091 2845 Quibus
2146 2776 2239 2825 ox
2284 2754 2583 2835 ordine.

473 2869 603 2945 sua
648 2888 993 2971 tempora
1013 2866 1383 2969 -affi'gnare
1422 2866 1644 2957 velle,
1684 2872 1911 2943 inane
1953 2866 2276 2946 studium
2314 2873 2561 2953 foret:

471 2990 719 3067 multo
739 2980 1032 3092 omagis,
1091 3014 1268 3065 cum
1309 2986 1419 3064 illi
1464 2987 1841 3064 omiserint
1898 2994 2207 3075 nomina
2266 3018 2564 3092 eorum,

344 3160 350 3167 .
471 3138 522 3187 e
573 3111 844 3213 quibus
905 3108 1188 3211 [iugula
1236 3105 1599 3219 descripta
1643 3104 1839 3199 sunt,
1900 3128 1977 3183 vt
2016 3112 2438 3211 promiscue
2476 3127 2563 3195 in

467 3232 790 3309 Scholiis
836 3230 1260 3306 habeantur
1305 3232 1765 3331 antiquiora,
1816 3248 1895 3305 et
1936 3228 2245 3326 [πίονες
2293 3240 2567 3345 itaque

471 3376 623 3427 nec
668 3352 766 3428 de
811 3368 1058 3429 aetate
1101 3374 1364 3427 eorum
1404 3354 2094 3451 grammaticorum,
2136 3361 2271 3459 qui
2304 3344 2393 3434 'in
2434 3366 2565 3437 fis..

471 3472 651 3547 dem
699 3464 1134 3564 laudantur,
1183 3472 1373 3547 certi
1420 3468 1705 3571 aliquid
1764 3469 2029 3573 liquet.

603 3618 608 3623 ’
677 3610 1354 3683 Grammaticorum
1422 3625 1716 3699 autem,
1788 3614 1920 3711 qui
1988 3587 2075 3683 in
2128 3610 2561 3705 Homerum

365 3718 379 3733 ’
469 3732 964 3805 commentati
1007 3724 1154 3803 effe
1182 3746 1727 3825 memorantur,
1772 3734 1959 3805 et'in
1996 3736 2085 3806 iis
2112 3732 2283 3837 ipfis
2312 3713 2561 3814 schoa

467 3848 621 3938 liis,
669 3873 867 3951 quae
910 3846 1010 3921 ad
1062 3872 1202 3921 nos
1241 3844 1529 3948 perlata
1570 3844 1769 3940 sunt,
1824 3848 2263 3947 laudantur,
2302 3860 2559 3934 incre-

469 3968 719 4045 dibilis
761 3966 864 4044 est
908 3992 1300 4061 numeruS,
1339 3972 1423 4043 in
1456 3966 1771 4053 Fabricii
1808 3970 2158 4047 Biblioth.
2198 4002 2305 4075 gr.
2338 3978 2553 4054 Harl.

465 4089 690 4169 facile
763 4088 862 4165 ad
955 4070 1105 4165 GL'.
1168 4093 1519 4173 nomina
1610 4072 2028 4167 memorata
2106 4117 2553 4209 computes·

465 4226 616 4290 nee
700 4188 960 4315 tamen
1048 4234 1182 4289 eos
1263 4209 1383 4287 ad
1466 4228 1714 4289 totum
1813 4216 2233 4293 Homerum
2338 4242 2555 4294 com-
